3000 4559
260 556 369 658 postte
394 556 605 648 constituam,
629 575 788 654 praterea
808 555 1005 629 heceadem
1021 578 1059 631 nt
1086 501 1233 639 docenilo

258 673 361 769 probe
387 673 562 769 explicem,
591 671 727 745 diemde
757 663 930 768 magnifiee
956 690 1131 764 exornem,
1159 698 1232 749 ano·

258 781 478 881 plifieando,
514 804 670 883 quantum
690 779 777 880 fieri
798 779 926 889 Ροῃῐι,Ι
944 786 1121 887 extollam3
1141 791 1230 883 snm·

263 922 318 971 ma
345 924 423 972 vero
461 899 610 985 dicendi·
623 899 697 991 vi,
723 900 921 995 fiammaque.
934 893 1116 995 artificio,
1155 925 1232 996 qm·

263 1038 336 1084 rum
363 1012 398 1084 in
425 1040 474 1086 me
502 1032 650 1086 neutrum
678 1012 755 1102 esl,
783 1011 847 1098 nist
874 1010 994 1106 etilo,
1032 1033 1132 1109 atqoe
1155 1034 1235 1110 per·

261 1123 453 1222 postllnnr,
491 1153 555 1223 quo
583 1117 688 1198 velim
698 1148 719 1215 ‚·
737 1126 876 1215 Indices
904 1126 1106 1224 impellam,
1143 1126 1234 1198 uncle

262 1260 371 1313 autera
396 1234 517 1341 canffae
545 1266 620 1312 mea
648 1240 806 1315 conducat
830 1297 842 1333 ,
870 1241 970 1311 etiarn
996 1266 1164 1332 revocem,
1192 1257 1232 1311 m

261 1352 343 1424 irem
373 1354 409 1427 in
448 1350 696 1447 clodiam'ejrrs
725 1353 824 1429 caelis
853 1349 997 1454 canffam
1016 1398 1047 1446 ,-
1067 1375 1164 1448 atque
1195 1378 1233 1422 a·

263 1466 327 1537 deo
356 1465 392 1537 in
420 1468 537 1564 Remp.
567 1467 682 1564 ipsam
697 1465 874 1562 manifeste·
891 1469 1086 1561 conferant,
1114 1487 1151 1536 nt
1177 1463 1234 1536 de-

262 1580 363 1674 nique
389 1580 423 1651 in
462 1579 577 1653 Cloelii
603 1601 701 1654 morte
740 1582 841 1675 Rem.
862 1581 1038 1676 fiolntem,
1076 1599 1173 1673 atque
1200 1602 1232 1647 o·

262 1691 384 1763 mnium
422 1695 557 1767 Civium
595 1692 873 1791 tranquillitatem
891 1708 917 1788 ,'
940 1715 1042 1789 atque
1069 1690 1232 1790 securita-

262 1826 352 1897 tem,
381 1809 522 1881 Deomm
549 1810 649 1882 etiam
676 1808 922 1903 reverentiam,
949 1808 1101 1896 mltum,
1130 1824 1231 1900 atqne

263 1944 371 1990 eorum
402 1923 611 2021 Templornm
650 1922 903 1997 incolumitatem
931 1920 1136 2011 ¹constitutam
1163 1910 1230 2017 effe

262 2032 484 2138 convincam3
518 2037 602 2132 qnid
628 2037 760 2115 tandem
795 2036 986 2132 adversario
1013 2050 1078 2107 noea
1106 2033 1233 2130 respon·

263 2144 367 2234 eleba,
398 2174 469 2221 cnm
498 2147 673 2243 objecerit,
703 2174 764 2221 non
788 2145 890 2251 striffe
913 2148 1047 2245 privati
1075 2147 1144 2217 Viri
1167 2164 1233 2243 pto·

263 2258 375 2331 hlicao
401 2257 542 2353 iniurias
572 2261 722 2356 ulcisci:
762 2286 822 2333 non
850 2261 946 2332 licere
973 2258 1093 2331 Civem
1120 2281 1142 2326 a
1173 2252 1234 2326 ci-

263 2399 311 2443 ve
341 2367 512 2468 interfici,
541 2378 686 2468 Remque
709 2373 883 2469 preblieam
905 2372 981 2466 finos
1002 2368 1134 2466 fasces,
1147 2369 1233 2465 snas

256 2488 424 2583 secures,
457 2488 535 2585 snos
576 2486 799 2584 Magistratus
816 2485 965 2577 babere,
1003 2482 1123 2579 quibus
1150 2481 1232 2580 filet

255 2602 367 2696 sontes
404 2600 464 2696 fito
499 2601 659 2700 supplicio
709 2598 880 2703 afficiat?
947 2602 1053 2671 Totos
1100 2620 1157 2693 ego
1178 2594 1235 2671 'id

262 2705 378 2812 cauffo
406 2713 548 2810 barebo',
577 2715 702 2815 oratio,
729 2740 796 2790 vore
824 2739 874 2787 nor
900 2708 1058 2810 alfiano,
1088 2710 1232 2787 ¹vincar·

261 2830 318 2897 At
345 2823 521 2919 alicunde,
544 2831 687 2926 subdio,
715 2832 774 2904 boa
791 2852 914 2926 quoquc
932 2826 997 2900 tili
1017 2828 1185 2922 smcnrret
1214 2834 1237 2899 0'·

263 2934 369 3013 Nihil
396 2939 479 3011 enim
506 2962 575 3017 ram
604 2943 812 3042 abstrusam,
849 2962 979 3038 tamque
1006 2937 1231 3035 absconlitnm

255 3048 309 3139 ¹eJl
343 3048 392 3122 ad
408 3050 658 3146 inveniendam
685 3058 763 3151 qain
776 3055 833 3149 ,st
841 3056 1018 3151 diligenter
1037 3067 1230 3144 queratur,

265 3163 402 3237 tandem
423 3165 524 3240 etiam
546 3166 754 3244 inveniatur.
782 3169 886 3241 Molo
913 3162 1109 3252 industriam
1135 3180 1231 3232 trram

267 3276 428 3350 adhibeas
445 3278 480 3351 in
498 3281 712 3376 inquirendo,
741 3280 825 3355 nihil
843 3279 958 3352 dubito
978 3330 992 3369 ,
1017 3274 1127 3375 quin,
1157 3273 1228 3369 q'rri·

268 3389 327 3460 lae
355 3391 415 3464 boc
440 3417 562 3491 quoque
590 3394 707 3492 optime
733 3392 896 3492 refellas,
935 3408 1033 3484 atque
1060 3389 1095 3462 in
1123 3387 1227 3484 ipfiom

268 3502 494 3601 adverfiarinm
523 3505 676 3603 rejicias,
707 3526 921 3607 argumenta,
950 3524 1049 3601 atque
1069 3498 1226 3596 majoram

268 3618 410 3713 exempla
427 3621 531 3713 facile
557 3623 723 3718 reperias.
753 3620 847 3710 Istud
859 3619 984 3716 facile,
1011 3616 1166 3713 inquam,
1185 3641 1227 3687 no

269 3728 348 3799 milri
376 3726 607 3830 difficillimum
628 3736 701 3828 fit,
729 3736 835 3807 valde
852 3754 973 3823 metro.
1001 3730 1071 3803 Sed
1093 3727 1226 3802 comita

247 3841 355 3929 ²velle
387 3859 420 3913 te
448 3842 584 3942 sentia,
619 3873 734 3921 morem
761 3847 825 3919 rili
845 3832 1002 3941 gelam
1027 3842 1090 3916 lac
1116 3860 1226 3910 tamer·

831 3952 906 4004 na
1111 3943 1191 4008 ugo,
1228 3938 1353 4063 f
