3000 4559
248 540 360 615 tatur,
389 522 446 594 boe
467 522 542 614 est,
570 543 606 594 nt
632 523 901 620 quemadmodum
921 517 1121 623 jampridem
1140 454 1211 604 ⁸(gi.

248 637 330 709 uilia
358 663 449 719 arma
476 633 710 736 deposueffent,
740 637 791 708 ita
819 635 999 730 etiam,Ji
1026 640 1108 732 quid
1121 645 1209 736 forto

248 747 419 830 fimultatis
447 752 557 822 adbrro
584 752 619 820 in
657 777 762 821 eorum
792 750 910 822 animis
949 749 1135 844 resideret,
1173 784 1216 829 eu

248 887 367 961 quoque
393 867 523 959 prorsus
552 859 683 962 omrffo,
718 891 815 956 vere,
837 885 941 960 atque
967 864 1155 954 Christiano
1174 867 1215 941 in

249 975 339 1062 rflnm
362 973 630 1082 erudelrffimum,
658 1004 698 1048 ae
720 981 947 1075 sempiternum
973 977 1089 1066 bostem
1111 981 1212 1075 suum
1243 1074 1246 1079 .

250 1090 459 1186 conspirarent
478 1120 498 1179 ,·
537 1092 584 1160 ad
612 1087 708 1183 eujus
728 1090 902 1186 scandioris
924 1093 1061 1188 foederis
1081 1088 1218 1188 firmio·

250 1227 308 1272 rem
338 1204 491 1273 rationem
514 1203 770 1296 stabiliendam,
799 1228 836 1276 ut
863 1208 929 1301 ipse
948 1232 1071 1303 quoque
1080 1200 1217 1300 fidem,

252 1336 339 1410 atque
369 1315 593 1388 audoritatem
624 1323 730 1390 Tuam
759 1319 1005 1414 interponeres,
1037 1324 1088 1388 Te
1113 1319 1215 1392 omni·

253 1419 304 1500 bus
329 1430 483 1524 precibus
508 1431 693 1526 rogabam,
731 1452 828 1526 atque
855 1431 985 1502 orabam
1007 1458 1027 1520 ς
1054 1455 1120 1523 qua
1147 1457 1215 1505 uua

253 1544 354 1634 postea
384 1543 560 1619 animorum
588 1539 758 1648 certiffima
778 1543 972 1640 cousenfione
1001 1544 1142 1631 armati,
1166 1544 1217 1620 ui,

255 1655 297 1724 bil
334 1655 551 1728 dubitandum
591 1680 663 1728 erat
693 1714 704 1751 ,
741 1660 821 1757 quin
859 1657 954 1746 istum
988 1653 1218 1762 atroeiffimtutt

256 1766 360 1856 bostem
381 1772 499 1861 etiam,
528 1798 624 1866 quam
643 1771 710 1864 est,
738 1774 839 1870 duplo
852 1771 1082 1870 potentiorem,
1104 1771 1216 1865 facile

251 1882 455 1976 superarem.
495 1890 594 1957 Hanc
630 1907 736 1958 autem
765 1913 835 1958 eum
866 1887 938 1977 illis
963 1885 1089 1958 mittere
1117 1905 1213 1980 cupe‹

259 2018 334 2085 rem,
364 2018 456 2068 ratus
479 2001 551 2092 sum
581 2000 682 2070 multo
709 1997 862 2094 majorem
889 2027 960 2072 eum
993 1998 1213 2093 drguitotem,

259 2125 314 2176 tum
351 2110 450 2180 etiam
488 2110 711 2182 auiioritatem
747 2113 840 2206 apud
868 2139 919 2183 eos
945 2111 1130 2182 habituram
1146 2105 1212 2198 ,fi
1316 2171 1323 2190 ,

262 2244 321 2290 eam
344 2223 406 2315 sub
444 2220 587 2313 alicujus
622 2224 733 2317 magui
762 2224 806 2292 Θ·
832 2223 931 2312 Viri,
970 2222 1014 2291 (J
1049 2219 1219 2314 Principis

261 2334 371 2401 nomine
399 2335 574 2403 mitterem.
604 2340 712 2424 Quam
734 2360 836 2404 meam
858 2332 1049 2426 sementiam
1071 2356 1143 2403 cum
1160 2357 1217 2426 ego

265 2470 324 2514 mnu
349 2445 665 2540 HippolytoAtestio
678 2439 1064 2550 CardinaliAmpliffimo
1086 2469 1219 2515 eommu-

266 2559 418 2649 niearem,
447 2559 592 2632 contiuuo
611 2560 690 2654 ille,
719 2587 791 2656 qua
809 2563 877 2657 sna
897 2560 1023 2656 stamma
1050 2559 1085 2629 in
1097 2563 1146 2628 Te
1172 2555 1220 2647 est

266 2669 489 2764 observantia,
533 2699 685 2770 quemque
713 2674 808 2746 unice
838 2677 964 2772 semper
991 2671 1140 2759 dilexit,
1176 2689 1217 2743 ut

266 2783 313 2872 sub
354 2792 432 2855 Tuo
468 2787 664 2861 Saui‘iitatis
699 2789 822 2861 nomine
858 2789 952 2860 illam
983 2786 1219 2881 divulgarem,

270 2897 335 2966 mibi
356 2902 542 2995 proposuit.
571 2907 643 2991 Quo
661 2895 873 3006 fideliffimo,
906 2921 1006 2994 atque
1028 2897 1217 2995 prudentis-

267 3003 332 3086 fine
352 3010 480 3097 confilio
513 3015 732 3107 comprobato,
762 3011 889 3108 abjet'io
916 3013 1000 3083 omni
1027 3037 1097 3080 meu
1116 3003 1220 3077 bumi-

273 3115 384 3211 lirare,
426 3147 524 3219 atque
567 3151 640 3194 eum
679 3126 766 3196 tanti
804 3123 972 3218 Principis
999 3116 1217 3214 amplitudine

275 3248 346 3308 tuom
374 3237 637 3328 humanitatem,
678 3263 789 3331 quam,
812 3235 989 3331 quotidie,
1027 3231 1086 3302 vel
1107 3229 1220 3327 potius

275 3344 301 3414 it
324 3351 392 3421 dies
412 3350 580 3449 fingulos,
608 3347 643 3420 in
670 3347 825 3446 cujusque
844 3347 975 3445 generis
1002 3345 1140 3417 homines
1166 3344 1222 3416 de·

276 3461 386 3535 clarore
418 3491 476 3536 non
505 3458 637 3564 eeffos,
668 3458 826 3558 fideliter
853 3457 1072 3558 coujungens,
1109 3458 1219 3552 bane,

275 3594 303 3644 ut
324 3578 441 3667 uider,
464 3580 528 3673 sub
560 3583 630 3647 Tuo
659 3577 782 3647 nomine
810 3575 941 3671 publice
967 3574 1160 3670 descriptam
1189 3599 1220 3643 e.

273 3685 354 3764 didi.
390 3692 522 3762 Utinam
549 3716 625 3760 vero
654 3695 745 3762 Deus
774 3691 955 3785 Opt.Max.
968 3691 1117 3784 faceret,
1145 3706 1220 3776 ut,

274 3822 323 3890 qm
349 3833 405 3902 ego
434 3805 529 3878 illam
556 3801 660 3876 auimo
681 3801 832 3900 ssripst,
858 3829 903 3959 po
930 3828 1053 3900 quoque
1079 3795 1221 3953 ahuq'qlis

297 3931 301 3939 .
912 3923 927 3973 ³
1173 3924 1186 3939 ·
