3000 4559
248 562 349 634 liuali
370 562 548 660 Hippolyto
576 564 703 634 mittere
730 562 874 652 vellent,
901 583 997 658 atque
1022 499 1136 640 rizo·

248 677 398 767 mittere,
426 698 462 750 ur
484 677 578 771 suum
598 676 747 764 studium
772 732 783 767 ,
812 677 969 770 suamque
997 679 1134 776 diligen

248 815 255 857 r
277 788 354 860 inde
374 814 494 884 queque
512 789 566 858 illi
584 790 722 859 maxime
748 789 945 884 probarent,
975 793 1043 864 rati
1056 794 1134 887 sunt

248 928 274 970 eo
303 903 390 972 modo
419 898 546 1001 affequi
570 897 722 1001 paffe,fi
746 898 882 996 publica
899 903 1135 1000 descriptione,

248 1016 437 1085 radmodum
473 1017 605 1105 vides,
642 1041 711 1084 eam
751 1016 912 1093 mitterent
941 1017 1132 1114 scriptam.

248 1129 273 1196 d
308 1153 378 1197 curn
416 1153 512 1221 neque
550 1129 617 1223 ipse
643 1122 714 1197 illis
735 1150 881 1224 gravate
909 1133 1131 1221 concederem,

251 1241 348 1327 inuo,
379 1261 415 1310 ut
441 1241 577 1331 dicunt,
608 1234 738 1337 excusa
767 1241 843 1328 est.
870 1244 938 1311 Sed
966 1271 1038 1315 curn
1076 1269 1134 1342 ego

248 1376 322 1424 erem
352 1379 412 1447 quo
440 1354 510 1450 ipsa
540 1377 661 1448 qnoque
688 1352 809 1441 lullu,
838 1381 880 1424 ac
906 1381 1036 1427 moerore
1065 1358 1137 1429 tan·

273 1470 398 1562 Regem
410 1468 664 1561 prosequereris,
681 1464 809 1552 tametsl
835 1467 904 1536 mul
903 1487 935 1537 to
889 1453 1037 1539 laute
1061 1492 1141 1542 cnut·

248 1578 306 1672 is,
325 1603 392 1650 tunc
416 1580 459 1649 (t
490 1580 613 1650 nuntiis
631 1579 698 1651 tuis
718 1579 759 1647 de
789 1577 847 1666 isto
866 1581 933 1676 ipso
957 1602 1011 1654 tuo
1031 1582 1131 1678 squu·

264 1695 297 1764 in
322 1693 438 1765 Gallia
467 1695 614 1765 auditum
633 1687 696 1791 ff
717 1692 836 1788 scirem
858 1697 1011 1790 ,putavi
1028 1674 1142 1768 tamen·

259 1807 384 1878 minime
402 1807 564 1902 ingratum
586 1807 758 1901 accidere,
780 1805 817 1891 st
844 1807 910 1880 bac
927 1834 998 1881 mea
1018 1802 1142 1880 Oratio.

258 1919 331 2005 fine
358 1921 472 2015 aliqua
501 1923 553 1991 tui
580 1921 732 1992 mentione
753 1921 797 1991 (9⁶
815 1921 897 1993 illuc
910 1927 1133 2018 perferretur,

248 2034 362 2160 ubique
381 2032 557 2128 legeretur.
589 2040 703 2127 Itaque
721 2033 814 2103 volui
832 2091 843 2124 ‚
862 2054 900 2104 ut
921 2035 984 2129 sub
1012 2055 1069 2104 tuo
1082 2022 1143 2108 νιο-Ι

248 2148 318 2218 ein
338 2147 472 2271 vulgum
496 2147 625 2218 exiret.
653 2145 784 2215 Hanc
771 2144 874 2238 agitur
903 2142 985 2214 labe
1003 2168 1135 2240 ‚atque

248 2259 391 2330 ceteris
411 2279 447 2327 ut
468 2255 695 2340 Orationemst
680 2256 819 2326 eminus
829 2253 989 2346 juslanr,
1003 2256 1144 2376 separna'·

250 2373 370 2466 saltem
398 2388 434 2438 ut
466 2369 704 2463 consolationem
725 2361 864 2467 sortaffe
892 2392 952 2440 non
972 2349 1143 2464 ingratam

248 2483 447 2556 .Nam
433 2510 466 2551 rn
496 2482 599 2578 Regis
627 2480 784 2552 laudibus
801 2506 920 2551 mecum
938 2482 1145 2576 recensendie‘

248 2597 267 2666 l
285 2596 442 2690 solatrum
475 2595 613 2692 capies,
643 2590 775 2691 quodsi
799 2590 863 2665 tibi
880 2592 1027 2665 dolorem
1039 2595 1145 2685 istunc

248 2736 270 2781 n
296 2711 480 2804 universum
506 2707 675 2780 exhaurire
704 2734 763 2779 non
799 2701 917 2812 posu,
949 2727 1032 2782 certe
1062 2734 1145 2807 euru¹

248 2850 297 2914 [na
316 2851 354 2894 ex
371 2842 467 2917 parte
486 2822 536 2908 fit
555 2843 661 2896 tamen
678 2823 883 2895 leuaturntu.
902 2820 1001 2904 Vale}
1033 2820 1057 2927 ‘3'
1140 2822 1143 2827 ’
