3000 4559
509 480 959 541 'onarrours
1144 470 1191 559 Q

252 560 301 623 dis
322 580 358 622 ex
380 560 442 633 iis,
472 561 523 641 qui
544 558 619 641 ¹apud
644 561 736 620 holles
757 557 936 621 durillintam
958 557 1086 622 serviunt
1106 561 1224 623 servitu·

253 658 351 715 nem,
383 643 413 701 in
446 640 524 702 suam
556 641 703 722 pristinam
726 639 888 700 libertatern
946 658 1033 700 rvos
1055 640 1224 716 vindicaris,

251 718 374 801 ·luisque
396 720 549 781 restitutis?
571 721 656 793 Quod
679 719 795 800 quidem
822 736 883 779 tam
931 718 1029 798 egium
1051 717 1112 791 est,
1133 742 1222 801 quarn

252 800 350 861 «etiam
373 799 467 861 vitam
485 799 567 859 dare.
591 801 734 879 Magnum
755 797 874 880 quidem
895 799 1020 860 vestrum
1043 818 1150 859 nornen
1167 802 1223 875 est,

252 878 409 959 -Principes
428 879 604 952 Christiani,
626 898 692 939 curn
714 880 893 959 principatus
913 877 1075 959 dignitate,
1095 898 1155 960 quo
1172 900 1223 940 cae·

252 959 326 1031 ,teris
348 959 539 1031 antecellitis,
560 958 647 1041 atque
668 958 833 1039 imperatis,
855 959 1029 1020 rumesiam
1046 976 1223 1039 cognomen·

256 1054 287 1099 to
308 1036 496 1111 Christiano,
518 1039 564 1098 cui
586 1038 700 1098 nullum
723 1057 775 1118 pat
783 1057 853 1119 gens
876 1039 936 1099 ulla
959 1037 989 1098 in
1012 1040 1092 1100 terris
1116 1039 1221 1120 alloqui

254 1116 368 1198 potest.
392 1117 426 1177 In
447 1118 592 1197 dignitate
613 1116 750 1197 quidem,
772 1119 827 1179 hoc
849 1116 911 1191 est,
933 1118 964 1178 in
986 1120 1117 1199 regendis
1138 1140 1160 1178 a
1185 1138 1220 1180 ue

252 1195 357 1259 uestris
379 1197 494 1277 populis
515 1217 533 1256 a
553 1194 635 1257 vobis
665 1197 738 1256 nihil
772 1196 970 1273 desideratur,
999 1200 1103 1280 utqui
1125 1140 1219 1260 miios

249 1276 422 1357 supplicio,
451 1277 541 1337 bonos
563 1275 654 1336 vestra
676 1276 772 1356 gratia
792 1275 947 1347 alliciatis3
968 1277 999 1337 in
1020 1296 1219 1359 cognomento

253 1374 324 1419 vero
346 1355 402 1417 hoc
424 1375 514 1416 unum
536 1372 651 1416 tantum
671 1355 760 1416 deesse
781 1355 922 1428 videtur,
943 1372 977 1418 ut
999 1358 1106 1430 amice,
1128 1376 1218 1439 atque

253 1432 418 1505 sshristiane
448 1435 523 1495 lnter
551 1454 604 1496 vos
631 1435 839 1508 conveniatis,
868 1450 957 1516 atque
977 1438 1094 1515 agatis.
1126 1436 1218 1498 Probe

250 1515 332 1581 enim
353 1515 457 1588 scitis,
487 1512 661 1588 Christum,
691 1514 767 1575 unde
788 1533 841 1576 vos
862 1511 1019 1575 Christiani
1040 1515 1110 1578 didli
1131 1515 1215 1591 ellis,

252 1612 320 1659 tum
340 1594 378 1656 ad
402 1594 519 1656 Patrem
540 1594 569 1653 in
592 1592 710 1655 Coelum
733 1592 904 1668 ascenderet,
914 1592 970 1654 luis
991 1595 1022 1655 in
1043 1595 1144 1675 primis
1165 1615 1216 1675 pa-

252 1692 341 1748 rem,
372 1689 484 1764 atque,
518 1690 551 1735 ut
572 1689 674 1734 mutuo
696 1674 773 1734 inter
793 1673 820 1734 le
842 1672 1025 1753 diligerent,
1054 1674 1214 1756 reliquisse,

253 1750 393 1836 imulque
415 1774 446 1814 rn
467 1751 601 1814 omnibus
623 1751 869 1827 difficultatibus,
890 1767 923 1814 ut
942 1753 1015 1815 alius
1038 1755 1089 1816 alii
1133 1753 1214 1815 raello

253 1832 509 1916 detentumque
526 1852 611 1896 onere
630 1832 759 1907 levaret,
781 1833 927 1915 odiique,
948 1849 1038 1915 atque
1061 1774 1131 1895 belli
1147 1834 1214 1896 loco

252 1910 421 1976 charitatem
437 1928 602 1994 reponeret,
617 1913 777 1974 mandalle.
795 1916 893 1987 Quare
908 1931 974 1974 cum
992 1916 1112 1975 nomine
1129 1915 1214 1976 Prin·

252 1990 324 2074 cipes
346 1992 525 2054 Christianos
548 1993 771 2073 profiteamini,
792 2012 821 2052 re
842 1992 903 2072 ipsa
922 2011 1057 2074 quoque,
1078 2009 1111 2054 ut
1132 1993 1210 2054 idem

255 2071 402 2151 psalletis,
420 2072 524 2134 necelle
539 2071 603 2145 est,
630 2071 649 2130 sr
673 2073 762 2140 Deo,
787 2085 819 2130 ut
844 2090 879 2130 ex
903 2069 983 2143 suis,
1007 2071 1123 2151 probari
1139 2072 1212 2133 veli-

267 2149 272 2161 '
311 2197 319 2212 .
352 2151 470 2213 Efficite
494 2150 610 2211 tandem
628 2192 637 2223 ,
653 2147 841 2219 nobililsrmi,
865 2163 953 2228 atque
976 2149 1210 2210 Christianillrmi

273 2230 414 2311 rincipes,
434 2246 467 2290 ut
489 2229 536 2289 hic
560 2227 622 2289 dies
646 2227 747 2289 vestris
769 2226 915 2288 Civilibus
939 2224 1012 2286 odiis
1039 2242 1210 2306 perpetuum

253 2302 336 2373 fiuent
355 2353 364 2383 ,
381 2307 573 2387 integerrimis
591 2320 688 2368 autem
704 2304 987 2365 reconciliationibus
1004 2304 1208 2368 sanstiffimum

253 2382 368 2453 binum
392 2387 515 2447 afferat.
539 2385 606 2446 Hoc
630 2404 648 2445 a
671 2382 753 2445 vobis
779 2383 878 2462 populi
905 2383 1015 2458 vestri,
1040 2385 1145 2474 quibus
1175 2403 1209 2449 ut

285 2482 382 2528 rentes
403 2465 504 2527 omnia
521 2462 659 2538 debetis,
684 2462 843 2543 exposcunt
859 2484 868 2532 3
892 2463 958 2523 hoc·
970 2461 1025 2524 filii
1050 2463 1100 2544 rplr
1119 2466 1209 2545 ,qui-

324 2544 518 2627 principatum
543 2544 608 2606 ellis
632 2563 667 2603 ex
691 2543 792 2604 ordine
809 2541 965 2616 tradituri,
983 2543 1044 2613 iure
1057 2543 1207 2633 postulant

251 2623 423 2709 uqoiffim03
443 2625 499 2687 hoc
520 2623 590 2686 boni
614 2642 739 2699 omnes,
765 2623 870 2702 pueri,
896 2621 974 2683 senes
996 2666 1007 2696 ,
1033 2623 1116 2699 vrri,
1141 2644 1208 2687 mu·

251 2698 330 2771 lines
356 2721 478 2786 rogant,
500 2722 587 2797 atque
611 2702 747 2765 omnibus
774 2701 905 2783 precibus
928 2718 1039 2774 orent3
1063 2702 1118 2766 ltoc
1142 2705 1205 2766 uni-

252 2783 327 2847 versa
349 2805 420 2868 gens
446 2784 626 2858 Christiana,
646 2783 809 2846 Sacerdotes
834 2781 971 2865 cuiusque
993 2781 1129 2858 ordinis,
1153 2805 1204 2846 cu·

251 2856 344 2948 iusque
360 2865 472 2946 generis
489 2865 637 2927 obsecrant
654 2907 663 2938 ,
688 2879 776 2944 atque
792 2861 989 2933 obtestantur3
1009 2862 1139 2923 Christus
1155 2864 1217 2925 de-·

251 2943 333 3026 nique
348 2943 433 3027 ipse,
457 2946 508 3024 qui
525 2963 576 3006 vos
593 2944 721 3023 primum
743 2942 796 3004 suo
819 2941 959 3022 sanguine
983 2960 1033 3021 per
1054 2942 1203 3003 summum

251 3022 382 3095 probrum
406 3066 415 3100 ‚
445 3039 533 3105 atque
559 3020 747 3083 acerbissimos
772 3021 915 3083 cruciatus
939 3018 976 3078 ab
997 3018 1076 3079 holle
1102 3018 1204 3098 sempi-

251 3108 327 3167 terno
349 3102 511 3177 liberavit,
535 3099 638 3162 deinde
662 3099 699 3159 in.
718 3101 772 3160 illo
793 3099 970 3179 principatus
993 3095 1123 3158 altiffimi
1136 3117 1203 3179 gra·

251 3173 287 3245 lu
306 3183 463 3247 collocavit
490 3227 499 3256 ,
532 3198 633 3241 omnes
657 3178 776 3249 injurias
799 3176 905 3238 vestras
929 3190 963 3236 ut
984 3172 1035 3235 sibi
1059 3174 1204 3237 condone-

253 3257 310 3335 lr'r,
339 3284 439 3327 earum
466 3258 652 3339 largillirnam
691 3255 954 3318 remunerationem
985 3252 1023 3314 ab
1051 3274 1087 3315 eo
1115 3274 1201 3336 erpe-

251 3332 375 3417 fleotes,
394 3337 592 3421 benigniffime
613 3333 855 3398 commonefacit.
883 3332 1004 3396 Nollem
1028 3332 1197 3413 postremo,

249 3406 389 3502 Principes
413 3417 672 3502 amplilluni,'hoc
696 3415 808 3493 dicere,
832 3434 869 3474 ne
893 3434 923 3474 rn
965 3412 986 3473 ‘s
1003 3411 1091 3475 bullis
1114 3414 1201 3495 ipfius

251 3501 445 3575 mulcatione,
471 3520 560 3582 quam
578 3497 669 3560 vestra
685 3497 812 3569 virtute,
829 3513 882 3556 vos
899 3495 930 3554 in
968 3513 1002 3555 oc
1023 3491 1130 3555 bellurn
1153 3514 1202 3563 co·

250 3564 353 3643 hortari
379 3579 528 3650 viderer3
559 3577 688 3641 sednon
712 3574 823 3717 polium
848 3573 904 3635 hoc
926 3592 1041 3656 quoque
1064 3574 1200 3636 omnibus

251 3659 372 3723 maxim
395 3676 498 3722 notum
522 3659 690 3740 praeterire.
737 3652 804 3717 robe
829 3651 930 3727 scitis,
956 3669 989 3716 ut
1013 3652 1063 3715 iste
1079 3671 1131 3734 pto
1146 3652 1201 3714 fnl-

249 3726 344 3801 duma
368 3739 418 3802 sua
441 3739 619 3818 Religione,
640 3754 692 3816 pro
715 3735 770 3796 illo
789 3733 840 3795 suo
861 3729 1005 3805 venefico,
1034 3746 1122 3815 atque
1142 3733 1200 3820 im3

250 3815 536 3960 Podopempaflerrimo
556 3816 732 3879 Mabumeto
751 3813 896 3957 ardente&
905 3825 1198 3953 pugnet,'atqppiptr
