3000 4559
368 450 394 521 8
593 449 842 513 orarunt.
873 447 1033 508 chorr

335 533 448 599 tiffimis
470 530 550 595 Viris
574 529 678 611 scripta
699 530 781 605 sunt,
806 529 884 609 quod
900 528 989 589 etiam
1005 527 1058 609 qui
1075 524 1294 591 mattemooti·

335 615 435 690 disset,
455 628 487 675 ut
503 628 614 693 patrem
627 610 668 677 ,ab
682 631 716 671 ea
731 625 864 671 necatum
888 608 1086 682 ulcisceretur,
1106 628 1173 670 eum
1191 608 1296 671 huma·

230 734 233 740 t
333 716 390 769 na,
412 710 497 776 atque
512 691 614 754 divina
629 692 773 752 sententia
796 690 848 751 esse
873 686 1053 761 absolutum,
1075 704 1105 749 at
1128 709 1164 749 ue
1189 709 1209 748 a
1228 708 1296 751 veta

332 775 481 846 Historia,
497 788 586 854 atque
601 769 700 833 adeoa
712 769 878 832 nostranon
894 766 1055 848 discedam]
1074 708 1133 839 nill,
1151 769 1294 847 inquam,

320 854 440 921 ,Nasica
463 853 565 933 inique
589 849 734 913 absolutus
759 851 817 925 est,
838 849 890 931 qui
910 842 1016 908 Titum
1042 847 1209 910 Gracchum
1228 847 1299 909 occi·

321 932 394 995 dit:
416 929 719 1012 &ScipioAfricanus
736 949 802 990 tum
819 930 1061 1009 interrogaretur,
1077 927 1148 1010 quid
1164 928 1200 989 de
1209 927 1301 991 Grac·

333 1013 383 1074 chi
404 1028 499 1075 morte
521 1010 654 1085 sentiret,
675 1009 759 1071 slulte
780 1009 949 1089 respondit,
973 1008 1034 1078 jure
1055 1008 1105 1070 fibi
1126 1008 1234 1070 caesum
1255 1007 1298 1069 vi·

332 1093 421 1154 deri:
449 1091 479 1153 dr
503 1092 536 1154 L.
559 1091 723 1171 Opimius,
751 1089 804 1170 qui
824 1088 858 1150 C.
880 1086 1046 1150 Gracchum
1065 1109 1073 1158 3
1103 1087 1133 1149 δι
1155 1087 1297 1151 Servilius

333 1172 439 1245 Hala,
465 1171 519 1252 qui
539 1170 674 1251 Spurium
697 1170 823 1232 Meliutn
845 1171 891 1233 vel
914 1169 1072 1248 suspicione
1095 1184 1213 1230 tantum
1232 1160 1300 1229 affe-

334 1249 407 1312 {lati
430 1251 524 1333 Regni
546 1266 662 1332 propter
682 1251 831 1329 ingentem
860 1271 910 1331 per
930 1250 1073 1311 summam
1095 1267 1248 1309 annonam
1268 1246 1300 1319 iu

333 1331 477 1412 populum
505 1329 821 1412 largitionemsaslam
851 1328 1020 1399 interfecit3
1049 1327 1191 1391 Horatius
1214 1346 1300 1400 vtro,

333 1411 387 1493 qui
410 1409 554 1473 levissima
574 1409 609 1472 de
630 1411 722 1475 caussa
742 1412 868 1473 sororem
889 1429 1058 1490 germanam
1082 1407 1208 1481 occidit,
1230 1407 1301 1490 quia

325 1491 368 1551 ‚in
400 1490 513 1552 summa
541 1488 657 1571 publica
678 1491 782 1553 latitia
809 1492 869 1553 sola
889 1492 906 1552 S
928 1490 1030 1552 onsum
1053 1485 1238 1549 muliebriter
1258 1487 1299 1547 la-

331 1569 535 1646 mentabatur,
554 1570 698 1651 corruptis
720 1571 866 1646 comitiis,
889 1512 1025 1632 sileret-tus
1047 1568 1105 1639 esl3
1125 1567 1176 1649 qui
1196 1585 1300 1629 omne

332 1670 394 1723 non
414 1651 450 1711 ad
472 1651 558 1732 Legis
573 1650 743 1730 scriptum,
773 1651 818 1712 sed
848 1651 885 1712 ad
907 1651 967 1720 ejus
989 1648 1088 1711 latoris
1108 1641 1301 1729 aequiffimam

330 1728 505 1791 sententiam
521 1729 589 1792 sunt
609 1729 750 1795 absoluti.
772 1730 859 1805 Quod
876 1730 975 1801 judicii
995 1748 1086 1809 genus
1105 1726 1119 1807 [
1135 1745 1168 1789 ut
1184 1728 1225 1789 ad
1241 1746 1301 1789 rem

331 1807 468 1949 redeam)
490 1810 521 1869 in
544 1809 660 1872 Milone
674 1830 805 1891 quoque,
822 1811 954 1885 Judices,
976 1807 1150 1870 servandum
1167 1809 1228 1883 est,
1250 1821 1300 1881 rat,

329 1887 389 2027 poi
409 1909 446 1949 cae
461 1909 500 1969 us¹
516 1889 566 1964 stt,
588 1891 855 1965 animadvertatur,
878 1912 941 1969 non⁴
959 1905 1076 1962 autem,
1096 1903 1130 1949 ut
1150 1887 1300 1967 adlegit

348 1967 473 2056 criptum
491 1968 525 2029 de
546 1969 620 2031 caede
641 1970 851 2042 constituatur3
872 1969 1024 2040 videlicet,
1046 1984 1080 2030 ut
1100 1968 1153 2047 qui
1173 1965 1302 2029 alterum

331 2046 487 2123 occiderit,
508 2050 533 2110 is
554 2070 671 2132 quoque
693 2050 835 2113 continuo
855 2051 891 2111 ad
912 2070 946 2111 ea
959 2048 1046 2110 verba
1062 2047 1166 2126 capitis
1180 2046 1303 2108 mne·

331 2139 410 2201 tur,
438 2127 595 2208 ptaesertim
617 2150 684 2192 cum
713 2131 761 2192 hic
791 2150 858 2192 eum
881 2130 1033 2192 hominem
1053 2126 1222 2201 occiderit,
1249 2123 1301 2207 qui

331 2203 458 2294 otium,
487 2228 520 2270 ac
548 2229 667 2271 omnem
697 2210 837 2272 Civitatis
859 2209 1102 2290 tranquillitatem
1124 2204 1303 2276 evertebatt

331 2302 386 2365 qur
407 2287 541 2368 quotidie
555 2309 635 2352 novo
651 2290 753 2351 scelere
768 2311 864 2351 recens
881 2289 968 2352 scelus
990 2285 1002 2368 [
1018 2287 1090 2368 quid
1106 2287 1185 2348 enim
1204 2283 1302 2346 dicam

332 2363 439 2429 vetus?
454 2363 468 2444 Ῑ
485 2368 632 2431 cumulare
648 2369 797 2439 studebam
837 2371 868 2432 ui
878 2370 909 2430 in
918 2369 1043 2460 rapinis,
1065 2369 1115 2448 qui
1132 2366 1164 2427 in
1179 2365 1304 2446 stupris,

333 2446 390 2526 qul
403 2447 435 2511 in
452 2447 595 2524 caedibus,
610 2449 663 2535 qui
678 2450 712 2510 in
728 2391 889 2523 incendiis,
906 2471 957 2532 qur
974 2450 1004 2508 in
1021 2449 1051 2508 vi
1066 2446 1299 2509 bouis'omnr'bus

333 2521 502 2600 inferenda,
524 2531 578 2606 qui
594 2528 623 2587 in
642 2530 769 2590 Deorum
792 2531 919 2610 ipsorum
938 2528 1134 2600 ceremoniis,
1156 2548 1190 2589 ac
1215 2524 1301 2587 sacris

332 2602 690 2694 „violandis'multisariam
707 2608 888 2678 versabatur3
908 2611 960 2698 qui
981 2607 1105 2689 denique
1128 2605 1231 2667 omnia
1246 2605 1303 2665 huo.

316 2703 441 2759 mana,
463 2685 565 2747 divina
584 2686 639 2748 suar
659 2688 823 2768 turpiffimae
840 2688 955 2750 libidini
979 2688 1151 2757 subjeceram
1171 2702 1300 2767 quotum

334 2781 429 2835 unum
456 2780 604 2826 tantorum
629 2767 784 2842 scelerum,
805 2769 935 2842 Iudices,
959 2768 1133 2848 expiandum
1160 2764 1230 2826 satis
1246 2763 1301 2825 esst

334 2841 427 2921 posset
443 2844 478 2905 ad
494 2865 612 2907 omnem
631 2849 754 2911 Milonis
770 2847 1000 2918 absolutionem3
1016 2847 1116 2908 omnia
1133 2865 1205 2906 vero
1213 2842 1301 2906 simul

332 2940 394 3012 uua
409 2920 445 2985 ab
461 2923 561 2986 eodem
578 2928 705 2989 extintla
721 2926 897 3009 amplissima
917 2929 1005 2988 etiam
1017 2926 1133 3006 pramia
1148 2924 1301 3004 expediant

333 3002 488 3065 uidentur.
510 3005 563 3066 Sed
584 3007 640 3069 hoc
657 3027 762 3082 omne,
783 3007 919 3083 ludices,
939 3006 975 3069 ad
999 3008 1084 3087 Legis
1107 3004 1301 3074 sententiam3

334 3080 524 3164 quodquam
550 3106 615 3147 vere
639 3087 799 3167 expositum
825 3088 874 3161 sit,
895 3103 983 3169 atque
1007 3109 1025 3149 a
1049 3084 1132 3146 nobis
1149 3080 1301 3145 manifesse

333 3159 468 3251 constet,
489 3184 588 3225 omnes
611 3165 740 3228 videtis.
769 3167 849 3241 Quid
871 3188 940 3229 vero
961 3167 979 3227 si
1004 3166 1061 3229 islis
1084 3166 1299 3244 huncquoque

331 3240 504 3305 sententiam
524 3243 708 3307 condonent?
728 3263 819 3329 atque
838 3268 904 3309 cum
926 3249 966 3309 eis
988 3248 1017 3307 in
1039 3267 1099 3308 uno
1119 3234 1228 3323 scripto
1245 3237 1298 3303 hc·

332 3339 440 3399 peam,
461 3324 640 3417 caussamque
663 3345 758 3405 meam
785 3348 820 3388 eo
844 3348 960 3410 quoque
984 3325 1177 3387 nihilominus
1204 3319 1298 3383 desen·

329 3396 419 3461 dam?
442 3401 567 3481 Valeat,
588 3424 721 3484 inquam,
744 3407 878 3482 Judices,
901 3408 931 3468 in
954 3409 1032 3485 Lee
1054 3426 1114 3467 non
1138 3402 1299 3474 sententia,

332 3476 380 3539 sed
400 3479 552 3573 scriptum.
574 3483 720 3565 Equidem
742 3508 803 3548 non
819 3487 905 3548 video
920 3531 929 3560 ,
945 3427 1017 3568 quid
1042 3485 1102 3547 illis
1118 3482 1248 3561 amplius
1264 3479 1298 3543 ab

335 3546 392 3621 hoc
416 3582 498 3643 opis,
518 3580 606 3643 atque
632 3565 735 3625 auxilii
759 3568 852 3628 afferri
878 3565 978 3646 possit,
999 3585 1088 3646 quam
1113 3585 1130 3625 a
1155 3555 1300 3622 sententia

335 3634 444 3702 factum
462 3643 513 3703 elle
529 3642 579 3722 ipsi
598 3642 723 3706 vidistis.
746 3648 825 3707 Nam
844 3645 863 3704 fi
882 3645 918 3706 ad
943 3645 1061 3707 illorum
1078 3662 1195 3725 quoque
1211 3640 1298 3701 ratio·

333 3735 421 3795 nem,
442 3719 477 3780 de
493 3740 553 3800 quo
569 3721 745 3801 constiterit,
767 3727 859 3787 alium
876 3725 998 3798 necasse,
1019 3725 1043 3784 is
1059 3741 1176 3812 quoque
1193 3739 1299 3781 necan-

337 3794 390 3859 dus
408 3796 461 3877 sit,
482 3820 543 3865 non
558 3801 750 3886 iampridem,
769 3803 899 3882 Iudices,
920 3802 1059 3879 Clodium
1075 3801 1170 3887 ipsum
1187 3799 1298 3891 centies

1210 3899 1258 3943 in·
