3000 4559
546 452 960 527 ORATlONf&
1093 474 1189 547 ,ἳψ

262 540 305 605 ab
326 540 379 604 illa
399 540 477 604 Urbe
496 555 559 604 tum
582 542 709 605 absentia
728 544 778 605 vel
798 543 894 606 multo
910 541 1005 626 magis
1021 578 1031 620 ,
1045 545 1161 629 quinta
1177 554 1231 613 tud

263 623 378 684 medico
400 622 430 682 in
451 643 485 684 eo
508 621 611 684 morbo
631 622 777 698 curando,
800 624 874 684 mihi
895 623 968 686 salus
985 636 1050 686 mea
1075 638 1227 707 procurata

265 700 326 762 sit.
353 700 408 762 Sed
429 703 513 764 redeo
534 702 569 764 ad
590 701 740 763 caussam.
771 701 832 763 Etsr
861 703 916 766 hoc
939 703 1005 766 loco
1026 710 1228 785 percommode

265 780 376 863 possem
406 802 562 862 perorare,
592 780 749 862 Princeps,
780 800 847 843 cunr
875 784 1071 846 accusatorem
1102 789 1230 850 nostrum

262 856 368 942 probe,
391 878 478 943 atque
501 859 550 923 sua
570 858 743 922 consessione
764 863 990 926 condemnatum
1012 863 1117 927 habeas
1134 887 1147 937 ;
1167 885 1231 946 per·

264 958 336 1023 garn
358 948 456 1003 tamerl
477 940 588 1023 reliqua
609 940 699 1001 etiam
721 937 775 1002 tibi
796 942 910 1021 planius
933 943 1100 1024 explicate,
1123 960 1156 1008 ut
1180 960 1232 1008 ted

264 1021 336 1083 ritas
358 1040 393 1083 ex
415 1020 552 1083 omnibus
578 1018 706 1101 partibus
731 1022 825 1103 magis
843 1021 1004 1086 elucescat.
1027 1025 1163 1100 Quat'uor
1179 1033 1234 1087 naa

264 1098 423 1162 vicularios
451 1100 479 1162 se
508 1099 582 1160 mihi
605 1097 766 1162 conduxisse
798 1101 870 1163 dicit
894 1144 904 1177 ,
938 1116 1096 1187 eorumque
1122 1118 1233 1169 nomen

264 1180 403 1243 omniurn
435 1177 558 1270 protulit
582 1211 589 1237 ι
613 1177 666 1240 Sed
689 1199 756 1241 curn
779 1180 811 1241 hi
833 1194 1028 1262 quaterentur
1049 1227 1058 1259 ,
1082 1183 1142 1247 duo
1166 1194 1234 1247 tan·

261 1274 327 1322 tum
344 1276 449 1335 reperti
464 1258 545 1333 sunt,
563 1256 667 1340 reliqui
683 1258 789 1321 abhinc
799 1261 957 1322 triennium
974 1257 1123 1325 decessere.
1142 1262 1226 1340 Quid

265 1336 322 1401 hoc
349 1338 414 1413 cll,
439 1338 575 1418 Princeps
592 1337 757 1413 Hercules,
781 1339 833 1400 nifi
851 1339 899 1401 ubi
921 1356 957 1402 ue
973 1339 1117 1404 fallaciam
1134 1343 1165 1403 in
1183 1363 1232 1405 nea

265 1418 353 1511 gotio
377 1417 482 1479 versari
500 1416 510 1478 i
535 1417 587 1478 nisr
604 1418 697 1494 mihi,
715 1417 827 1499 tibique
843 1360 969 1481 fraubetn
988 1420 1149 1484 intentari?
1165 1441 1235 1497 cur,

264 1516 416 1580 mquam,
441 1497 512 1558 duos
536 1512 665 1558 mortuos
688 1494 849 1559 nominas?
872 1518 909 1559 an
935 1513 968 1561 ut
994 1499 1031 1561 ab
1055 1499 1090 1560 iis
1108 1514 1159 1562 tua
1176 1498 1233 1562 sce-

263 1577 328 1639 lera
352 1575 480 1658 intelligi
501 1596 561 1639 non
577 1573 709 1715 poslmt?
733 1579 775 1638 At
791 1577 800 1638 i
823 1576 842 1638 sr
860 1576 910 1638 sua
927 1579 1127 1641 taciturnitate
1145 1594 1232 1643 tuum

265 1658 359 1723 scelus
380 1658 532 1730 clamant,
556 1655 579 1717 ri
601 1655 610 1716 i
635 1655 672 1717 ad
697 1655 781 1717 suum
802 1597 937 1728 iudicem
955 1658 1039 1722 litem
1056 1659 1233 1742 intendunt,

265 1758 343 1823 quos
370 1737 401 1800 in
425 1735 529 1798 salsum
554 1734 751 1798 testimonium
773 1737 862 1798 etiam
893 1751 1025 1801 mortuos
1047 1749 1159 1803 vocas.
1189 1741 1233 1802 At

266 1820 321 1903 qui
356 1817 489 1890 vivunt,
523 1829 618 1878 tecum
642 1815 736 1890 sunt,
770 1832 798 1877 te
830 1816 1011 1895 absolvunt,
1036 1832 1102 1882 cunt
1132 1818 1233 1880 dicant

268 1914 387 1962 tanturn
417 1893 532 1971 abesse,
557 1910 590 1957 ut
623 1900 694 1957 ate
724 1894 815 1958 ullam
843 1898 997 1978 pecuniam
1028 1910 1158 1981 unquam
1188 1918 1236 1960 aea

267 1978 423 2061 ceperint,
466 1991 500 2036 ut
537 1989 565 2036 te
610 1974 699 2036 etiam
741 1995 779 2037 ne
815 1975 850 2037 de¹
874 1975 947 2038 facie
971 1978 1091 2062 quidem
1124 1976 1235 2039 novisse

268 2058 323 2133 se,
351 2058 428 2120 Deos
448 2073 547 2116 omnes
567 2052 790 2142 constantissime
818 2053 935 2124 jurent·
964 2059 994 2116 0
1016 2055 1234 2118 callidislimum

268 2137 480 2209 accusatorem,
501 2153 520 2193 o
540 2131 790 2212 prudentissimum
812 2134 936 2204 cujusvis
954 2134 1065 2196 sceleris
1082 2134 1239 2196 fabricato·

270 2238 351 2294 rem,
371 2217 424 2300 qui
444 2215 537 2276 etiam
557 2229 619 2273 rem
642 2225 773 2285 tantam,
797 2227 914 2274 tantum
935 2210 1046 2274 facinus
1069 2213 1157 2273 nullis
1178 2222 1239 2273 c'er*

269 2298 326 2374 tis,
347 2313 377 2358 at
400 2293 544 2357 ucetiam
565 2287 605 2378 [st
625 2289 689 2350 Diis
711 2290 804 2369 placet
820 2289 975 2379 ]·mortuis
997 2291 1113 2351 testibus
1133 2289 1237 2370 probra

270 2396 301 2441 re
331 2316 502 2438 creiidistir
529 2389 581 2449 qur
612 2366 667 2428 hoc
696 2383 812 2429 tanturn
841 2368 982 2436 rudrcrum
1012 2369 1061 2431 vel
1081 2369 1166 2432 unius
1188 2370 1235 2433 tul

271 2449 482 2521 sceleratissimi
504 2446 837 2509 fideizcornmittendum
858 2446 973 2508 essetibi
996 2447 1124 2524 finxisti,
1144 2469 1178 2511 ac
1199 2448 1239 2513 ad·
1345 2516 1348 2523 ,

269 2551 389 2601 tuarum
418 2530 536 2592 illarum
556 2525 616 2607 [ut
635 2524 686 2590 suo
715 2528 781 2589 loco
809 2526 1004 2609 docebimus]
1026 2526 1235 2601 salsissimar‘um

270 2616 421 2679 literarum
448 2610 574 2692 primam
605 2605 760 2671 lessionem
790 2604 1041 2688 prudentissimum
1071 2609 1177 2672 Princi'

271 2694 302 2759 in
324 2693 470 2756 summurn
491 2686 617 2750 furorem
637 2708 669 2751 ta
689 2708 735 2750 ere
756 2685 863 2750 nefarie
886 2686 943 2748 tibi¹
959 2685 1133 2768 persualisti.
1185 2686 1237 2751 uid

272 2791 397 2848 autem,
418 2771 551 2861 Princeps
569 2811 578 2842 ,
598 2708 688 2851 quoti
699 2769 729 2831 in
751 2767 812 2859 ipsa
833 2767 956 2849 pecunia
978 2769 1163 2844 recenseam,
1187 2768 1242 2832 sua·

272 2855 364 2917 etiam
386 2850 478 2911 nimia
498 2848 650 2929 diligentia
671 2848 818 2911 malitiam
840 2848 918 2911 suam
928 2847 1057 2910 indicati
1081 2848 1240 2924 Aitenim,

273 2932 316 2996 bis
339 2952 357 2990 a
377 2949 423 2991 me
444 2928 479 2989 ad
500 2946 565 2988 earn
586 2944 647 2989 rem
667 2927 719 2990 sibi
739 2927 891 3008 pecuniam
909 2926 1008 2988 datam
1028 2926 1104 3003 esse,
1123 2949 1157 2989 aa
1179 2933 1241 2990 'non

274 3002 368 3075 mlum
389 3027 424 3068 ert
433 3025 492 3087 qua
500 3014 637 3067 crumena
652 3026 685 3068 ea
701 3004 830 3081 datalit,
852 3004 910 3080 sed,
929 3020 997 3067 cum
1017 3027 1053 3068 ea
1072 3005 1175 3067 diversa
1192 3024 1244 3085 gea

277 3092 351 3153 neris
375 3085 466 3159 esset,
488 3100 600 3167 quanta
619 3104 653 3145 erc
675 3103 793 3165 quoque
813 3104 917 3164 genere
939 3083 1051 3157 suerit,
1073 3083 1246 3145 memoriter*

277 3170 365 3233 ctiam
387 3162 494 3250 profert
511 3209 518 3224 .
539 3161 619 3238 Quid
640 3183 659 3223 o
680 3180 712 3222 us
734 3177 823 3235 erar,
844 3162 999 3241 Princeps,
1020 3171 1123 3223 notare
1143 3161 1174 3222 in
1194 3178 1244 3242 pea

277 3249 362 3313 sunia
374 3260 478 3329 prater
493 3181 789 3317 numerumiQutd,
811 3239 950 3323 inquam,
969 3254 1082 3322 quanta
1099 3260 1134 3302 ex
1150 3225 1244 3302 auro?

279 3344 387 3411 quanta
407 3345 442 3389 ex
463 3346 480 3387 a
514 3321 610 3385 ento?
639 3338 751 3402 aequo
773 3336 893 3409 utraque
914 3332 1006 3381 cuneo
1026 3320 1137 3401 signata
1157 3320 1245 3398 esser,-

280 3426 349 3491 opus
370 3404 427 3468 suit
448 3404 485 3467 ad
498 3400 632 3467 criberel
661 3399 774 3462 Omnia
797 3399 889 3475 sunt,
909 3399 1070 3480 Princeps,
1091 3398 1244 3478 'ert-rides,

282 3488 316 3551 ad
336 3486 460 3549 nimiam
481 3481 665 3565 diligentiam
688 3479 846 3562 exquisita,
866 3495 899 3541 ut
920 3478 973 3541 hac
994 3480 1110 3561 quoque
1130 3481 1245 3543 ratione

282 3564 362 3631 suum
382 3566 565 3626 mendacium
589 3578 616 3625 te
638 3570 698 3624 eret
720 3561 840 3641 magis,
872 3577 905 3621 ac
926 3557 1156 3622 suam‘srau'd'em
1176 3568 1247 3622 c'on·

284 3644 354 3708 diret
375 3644 581 3708 commodius.
613 3582 666 3703 sed
686 3640 766 3725 quasi
788 3639 882 3721 pislor
909 3639 959 3701 ille
978 3637 1075 3715 sacit,
1102 3641 1154 3723 qui
1175 3653 1244 3701 curn

282 3742 400 3788 manum
423 3725 457 3785 de
479 3721 577 3784 tabula
603 3721 705 3784 tollere
734 3719 848 3791 nescit,
876 3718 999 3802 liguram
1027 3720 1121 3782 nimio
1152 3717 1249 3780 studio

282 3806 374 3888 magis
396 3801 556 3947 desofmat,
576 3820 665 3885 quam
685 3821 751 3869 eam
771 3796 895 3940 perseslle
915 3797 1061 3869 absolsit.
1075 3801 1175 3876 Pergit
1194 3808 1250 3854 aa-

354 3886 435 3949 rom.
471 3925 482 3946 .
1118 3888 1202 3936 tem:
