3000 4559
282 550 288 563 .
354 468 556 535 brientio
575 471 750 534 CONTRA
772 471 884 534 GASP.
903 472 1092 537 SARDUM.
1131 464 1195 560 '187

268 653 274 667 ·
303 632 336 694 Si
360 634 489 694 nondum
512 632 633 708 sensisti,
654 651 744 715 quam
760 631 879 694 stolidus
897 632 949 709 sit,
970 653 1117 718 quamque
1131 637 1229 700 inanit

265 706 354 803 [non
371 715 448 774 enim
471 714 571 774 hocin
589 713 654 774 loco
670 713 788 773 mentiri
807 730 836 775 te
852 712 992 789 arbitror,
1016 715 1062 777 sed
1077 715 1232 779 oscitanter

265 813 297 854 iii
317 809 442 856 errorem
463 793 611 884 delapsum
633 808 711 855 certo
734 792 818 877 scio]
843 812 918 856 nunc
938 793 1069 871 faciam,
1097 812 1131 873 ut
1152 816 1233 876 pror·

266 872 311 933 sus
335 871 455 935 sentias.
478 873 780 935 Animadvertendum
795 875 847 935 else
867 874 960 949 dicit,
980 874 1012 937 dt
1028 876 1118 936 reste.
1141 877 1234 937 Fiunt

265 952 345 1014 enim
369 953 492 1015 literatis
515 973 532 1014 a
553 953 637 1015 nobis
653 953 774 1015 insidia.
796 954 868 1029 Qua
884 971 984 1016 autem
1000 975 1040 1017 en
1057 946 1143 1018 sunt?
1165 953 1233 1017 Pos-

265 1031 409 1094 stdonium
432 1031 549 1095 Philoso
572 1034 643 1095 huni
666 1049 733 1093 ante
756 1054 803 1094 me
825 1035 880 1095 hoc
901 1035 995 1116 ipsum
1015 1036 1138 1097 dixisse.
1160 1038 1234 1098 Non

267 1115 360 1176 neira
378 1111 437 1174 est?
463 1113 525 1175 Ita.
550 1054 608 1176 bui
629 1110 715 1175 vero?
737 1113 772 1174 ln
788 1114 905 1190 Matio,
927 1115 1004 1196 apud
1022 1116 1232 1188 Plutarchum,

265 1192 339 1254 item
356 1193 388 1254 in
404 1191 589 1256 Coriolano.
618 1193 734 1254 Dormit
755 1193 805 1254 iste
826 1193 974 1275 legendo,
995 1195 1123 1259 Ptaesesli
1144 1196 1234 1266 vine

268 1273 293 1334 it
334 1293 370 1334 ue
387 1273 483 1355 polica
504 1275 579 1336 mira
599 1273 695 1335 scribit
711 1274 874 1336 insomnia.
893 1275 1064 1338 Plutarchus
1080 1278 1160 1338 enini
1178 1277 1235 1337 hoc

268 1370 436 1436 nuquam.
464 1354 535 1416 Haec
563 1356 642 1416 enim
664 1356 695 1415 in
717 1353 816 1416 Mario
835 1355 895 1425 ejus
916 1355 982 1416 sunt
1003 1355 1090 1417 verba
1110 1357 1151 1416 ad·
1168 1356 1234 1416 lite-

268 1453 333 1493 ram
362 1432 523 1516 descripta.
553 1436 612 1496 Nec
631 1439 665 1494 C.
687 1435 806 1508 Marii,
835 1437 1063 1513 quemadmodum
1083 1457 1168 1514 neque
1193 1437 1239 1518 Q,

268 1515 395 1589 Sertorii,
416 1519 466 1593 qui
481 1511 566 1574 shetos
583 1516 613 1573 in
627 1516 700 1592 jus,
725 1515 909 1593 ditionemque
932 1516 999 1595 Pop.
1018 1517 1094 1574 Rom.
1115 1515 1236 1592 redegit,
1339 1585 1342 1594 ι

268 1606 355 1671 ηερε·
373 1597 407 1654 L.
430 1597 581 1670 Mummii,
602 1596 652 1674 qui
672 1593 835 1653 Corinthum
855 1595 986 1667 desevit,
1010 1595 1119 1653 tertium
1140 1613 1237 1653 nomen

267 1676 356 1734 dicere
371 1675 529 1756 poffumus.
549 1676 626 1733 Nam
646 1671 783 1735 Achaicus
802 1673 892 1749 huic,
912 1691 945 1733 ut
963 1674 1113 1751 Africanus
1134 1673 1238 1755 Scipio·

269 1755 315 1826 ni,
336 1773 367 1813 ut
388 1755 503 1814 Metello
525 1755 692 1816 Numidicus
710 1778 744 1813 ex
765 1776 791 1813 re
807 1755 882 1833 gella
902 1768 1046 1848 cognomen
1065 1755 1155 1832 suit.
1188 1757 1236 1813 Bit

272 1856 325 1912 quo
341 1853 497 1917 magnopere
513 1835 681 1916 Poffidoniur
698 1833 889 1915 reprehensione
904 1837 1090 1916 dranosputat
1111 1856 1171 1909 eos,
1186 1829 1238 1913 qni

271 1919 390 1991 censent,
410 1917 623 1977 tertiumnomen
642 1915 996 1996 Romanispropriumeffle,
1016 1933 1048 1974 ut
1063 1915 1239 1987 Camillum,

273 2006 303 2055 ut
311 1995 532 2070 Marcellum,ut
541 2001 687 2055 Catonem.
703 1998 778 2054 Nam
789 1997 840 2073 qui
847 1993 1242 2056 tantummododuohurnomi·

274 2073 352 2135 nibus
368 2091 578 2155 nuncupantur,
602 2075 707 2132 noniine
723 2089 857 2134 carerent.
879 2077 961 2134 Errat
980 2091 1088 2149 autem,
1108 2069 1242 2153 querebar

274 2157 373 2216 tatione
381 2156 472 2231 rursus
488 2150 545 2233 ipse
554 2151 726 2226 finenomine
741 2153 868 2211 mulieres
884 2151 1049 2230 effeooluit.
1067 2153 1154 2213 Nulli
1168 2151 1243 2209 enim

274 2237 381 2295 mulieri
415 2235 514 2292 rimum
531 2252 626 2291 nomen
643 2230 808 2310 imponitur,
823 2232 898 2309 quod
900 2232 1041 2310 proprium
1049 2230 1127 2309 apud
1141 2232 1244 2287 Rome·

275 2337 321 2376 nor
337 2318 376 2375 Po
397 2311 565 2390 idoniuseffe
579 2306 745 2378 arbitratur3
762 2329 911 2368 ceterorum
926 2329 990 2370 vero
1004 2309 1086 2370 aliud
1103 2327 1243 2369 commune

275 2406 293 2453 li
311 2393 466 2474 cognatione
481 2389 595 2450 duflum
615 2389 681 2469 effe,
702 2405 733 2448 ut
741 2389 900 2466 Pompeios,
921 2389 1064 2464 Manlios,
1084 2385 1243 2463 Corneliae,

273 2492 409 2552 tanquam
420 2468 518 2548 ſsquis
534 2469 715 2543 Heraclidas,
737 2469 932 2548 &Pelopidas
948 2469 1046 2530 diceret
1054 2491 1067 2540 ;
1087 2468 1169 2529 aliud
1177 2488 1242 2526 vero

272 2554 483 2614 denominatum
499 2547 648 2629 appositum
667 2546 892 2629 exrehusgeflis‚
909 2550 958 2609 vel
977 2567 1135 2623 exactura,
1153 2545 1244 2608 velet

274 2635 372 2714 iliqua
385 2627 479 2712 figura
499 2629 539 2690 (θ’
559 2630 637 2690 modo
657 2628 772 2708 corporis
786 2645 895 2710 putat,
924 2646 958 2689 ut
985 2631 1170 2702 Macrinum,
1201 2625 1242 2688 O·

274 2717 464 2793 Torquatum,
485 2709 611 2788 syllam,
633 2712 800 2782 Mnunona,
823 2712 970 2790 Grypum,
991 2710 1030 2770 (9
1050 2709 1243 2778 Callinicum

276 2796 306 2855 id
324 2814 411 2874 genus
430 2808 589 2873 argumenta
611 2787 821 2850 innumerabilia
841 2789 1043 2867 consuetudinis
1064 2788 1244 2866 inconstantia

273 2872 460 2954 suppeditat.
481 2870 630 2931 Hadlenus
648 2870 844 2932 Plutarchus.
867 2870 924 2932 Ubi
945 2891 1014 2933 veto
1037 2873 1061 2932 is
1083 2870 1163 2931 locus
1184 2865 1243 2942 eu,

278 2970 367 3036 quem
390 2967 421 3012 tu
443 2950 733 3011 animadvertendum
754 2949 807 3010 else
828 2967 978 3032 tantopere
995 2947 1142 3029 praecipis?
1164 2945 1243 3018 Ubi,

279 3033 424 3113 inquam,
443 3049 477 3089 eo
500 3030 529 3089 in
552 3029 634 3103 loco,
656 3044 708 3090 aut
728 3029 819 3089 etiam
840 3029 911 3089 alibi
931 3030 993 3090 ulla
1014 3029 1127 3088 mentio
1140 3025 1176 3085 de
1192 3044 1247 3084 no·

279 3110 369 3174 minis
385 3108 591 3171 terminatione
615 3129 633 3169 a
657 3107 816 3169 Plutarcho
839 3108 878 3167 ell
902 3105 996 3168 fauet
1018 3107 1152 3169 Tantum
1169 3104 1193 3164 is
1209 3102 1248 3163 de

280 3191 372 3255 tribus
397 3189 566 3250 nominibus
589 3189 668 3278 agit,
687 3206 752 3268 quae
777 3185 836 3266 ipse
861 3187 976 3267 prima,
998 3185 1029 3247 ἃ
1052 3184 1192 3256 secunda,
1211 3181 1246 3243 dr

280 3273 371 3335 tertia
389 3269 515 3349 appellat
534 3287 673 3341 nomina,
694 3282 746 3328 aut
769 3286 824 3346 ego
844 3286 932 3329 cacus
954 3267 1035 3340 sum,
1055 3265 1085 3329 δι
1106 3279 1139 3325 tu
1162 3265 1246 3343 Argo

278 3351 345 3434 ipso
367 3350 464 3411 multo
483 3367 513 3410 es
534 3347 701 3410 oculatior.
730 3346 811 3421 Quid
831 3366 927 3423 vero,
955 3343 1084 3409 Praesedii
1105 3342 1197 3418 Viri,
1225 3340 1248 3403 li

281 3452 340 3522 ego
356 3428 529 3510 deprehendi
544 3429 626 3492 illius
644 3426 842 3501 insomnium,
862 3443 950 3509 atque
966 3427 1071 3487 miram
1087 3423 1251 3486 hallucina-

280 3506 419 3573 tionem?
440 3509 612 3583 Attendite,
631 3507 752 3590 quaeso,
775 3506 795 3567 si
817 3526 956 3589 umquam
980 3505 1142 3568 attendistis
1158 3504 1247 3565 ,λος

281 3592 365 3654 enim
385 3603 482 3651 totum
507 3588 632 3651 velitum
650 3586 736 3648 risum
755 3585 903 3667 pollulat.
930 3587 1082 3662 Audistis,
1111 3584 1197 3645 Iberos
1217 3585 1249 3642 iri

282 3674 350 3749 jus,
371 3671 554 3750 ditionemque
576 3667 695 3746 redegit,
715 3668 747 3729 in
769 3667 924 3728 Plutarcho
940 3667 1007 3748 legi.
1023 3667 1074 3727 Dii
1084 3683 1184 3727 omnes
1200 3680 1249 3723 trie

285 3751 367 3812 male
389 3751 528 3832 perdant,
550 3748 601 3809 nisi
624 3751 673 3811 ille
692 3745 788 3809 surore
811 3746 861 3807 suo
876 3746 982 3808 troilus
1000 3746 1073 3827 illud
1093 3748 1164 3826 jus,
1184 3760 1250 3803 earn

283 3845 527 3894 terminationem
548 3829 580 3895 iii
608 3829 677 3907 ius,
704 3847 794 3912 quam
821 3846 877 3910 ego
897 3825 989 3907 dico,
1017 3827 1070 3891 elle
1098 3825 1215 3963 putavit
1240 3838 1283 3881 ‚¹

327 3950 332 3959 .
1171 3917 1214 3962 12.
