3000 4559
540 468 956 535 ostar-totum.
1146 487 1199 548 1²3

266 562 353 627 reta,
371 546 677 629 ineamimpellimut:
701 546 1168 628 utraegoharuminhoctantum
1186 549 1240 613 sce«

263 631 320 697 lis
342 628 445 693 adduci
466 628 639 709 potuerim,
688 628 745 691 rius
767 642 799 689 ut
824 627 998 701 videamus,
1019 626 1116 691 caussae
1137 629 1238 692 nolim

266 709 433 855 ¹plurimum
450 706 610 775 conducere
627 647 686 768 vid

679 723 763 778 etur,
779 706 907 789 acquod
923 707 959 770 ad
977 706 1130 775 iniuriam.
1149 709 1238 784 Hac,

296 790 381 857 tinen
421 832 431 865 ,
452 805 504 851 aut
523 809 542 849 a
563 804 592 850 te
613 785 677 868 ipso
688 822 702 862 ,·
719 803 771 849 aut
791 809 810 861 a
831 787 889 851 tuis
911 787 987 850 mihi
1008 786 1093 853 illata
1113 785 1146 849 sit
1162 832 1172 863 ,
1190 809 1239 851 ne-

266 868 343 935 cesse
411 869 468 937 ,Α
490 884 543 940 te,
563 866 622 949 ipse
642 866 776 930 omnium
797 868 908 958 optime
929 867 999 943 scis,
1022 884 1122 933 utrum
1145 887 1191 933 ine
1211 888 1241 931 a·

264 946 415 1032 liquando
434 945 589 1013 offenderis
607 968 617 1019 3
637 968 656 1010 a
676 947 758 1022 tuis,
781 946 831 1008 isti-
847 967 965 1031 quoque
984 947 1090 1013 adsunt
1112 945 1243 1028 frequen-

271 1042 338 1093 tes.
360 1026 457 1091 Dicite
476 1048 557 1104 vos,
578 1026 598 1089 si
626 1027 700 1110 quid,
716 1027 816 1091 caussae
837 1029 913 1090 milii
935 1046 1064 1111 unquam
1087 1025 1241 1103 dederitis,

266 1105 462 1191 quamobrem
483 1106 615 1189 suspicari
635 1104 763 1188 possitis,
784 1109 987 1171 neeamvobis
1008 1109 1134 1169 inultam
1155 1106 1242 1168 telin-

265 1202 416 1330 Ruetem,
440 1188 514 1249 hanc
537 1185 591 1249 tibi
614 1205 674 1255 tam
695 1184 835 1257 nefariam
857 1188 992 1264 caedein,
1016 1187 1099 1251 vobis
1122 1202 1239 1262 autem,

268 1334 271 1339 ,
301 1267 378 1343 'ves‚
399 1282 517 1331 tantuin
533 1267 644 1329 iussum
660 1286 874 1348 compararem.
894 1267 1059 1351 Equidem,
1080 1266 1238 1339 Hercules,

269 1344 335 1438 [ut
356 1367 423 1409 vere
443 1344 567 1429 dicam]
589 1346 611 1409 si
630 1347 682 1430 qui
703 1365 751 1409 me
772 1348 946 1437 progenuit,
967 1364 1116 1438 parentem
1134 1344 1240 1409 charis-

269 1434 377 1516 simum
393 1469 417 1516 ,¹
431 1424 548 1567 ¹³st
568 1445 623 1508 ego
643 1446 814 1569 progenui,
843 1427 919 1489 filios
938 1445 1030 1492 etiam
1051 1425 1195 1493 chariores
1216 1424 1240 1484 i·

266 1504 420 1569 lliusmodi
447 1504 465 1567 s
489 1503 593 1579 sssimo
612 1507 642 1578 ju
663 1506 720 1567 icio
747 1506 986 1581 condemnasses,
1014 1505 1089 1571 fiad
1118 1502 1240 1574 alicuius

267 1583 480 1653 sceleratissimi
507 1586 635 1653 hominis
668 1584 820 1651 libidinem
852 1585 1006 1649 crudeliter
1036 1583 1241 1647 excruciandos

268 1663 445 1739 judicasses,
471 1681 547 1729 certe
573 1685 593 1727 a
620 1665 686 1728 Diis
715 1666 931 1731 immortalibus
959 1667 1063 1729 omnia
1084 1664 1164 1725 mala
1185 1663 1241 1731 nbi

268 1744 449 1825 imprecandi
472 1743 561 1809 finem
580 1743 704 1813 facerem
724 1745 868 1822 nullum,
896 1744 957 1829 ipse
985 1765 1053 1810 veto
1083 1743 1241 1807 cantami-

268 1824 344 1893 liam
353 1825 487 1893 iniuriam
497 1825 766 1909 ulciscinumquam
775 1827 929 1900 auderem,
951 1845 1113 1908 numquam
1125 1824 1238 1906 cogita·

269 1922 350 1975 rem.
372 1905 460 1975 Nunc
481 1925 572 1980 veto,
592 1925 721 1974 eumne
741 1905 832 1971 verbo
853 1907 972 1990 quidem
993 1906 1123 1980 abste,
1145 1925 1165 1966 n
1205 1923 1241 1965 ue

272 2003 295 2047 a
317 1983 375 2049 tuis
398 1985 529 2055 violatus
554 1985 631 2062 lim,
652 2007 712 2048 non
740 2006 793 2067 par
807 1985 848 2049 est
870 1987 1009 2060 credere,
1034 1998 1082 2049 me
1107 2002 1169 2047 tam
1199 2004 1242 2044 ce·

274 2063 398 2143 letatum
419 2064 489 2140 esse,
510 2081 572 2129 tam
593 2063 630 2129 ab
650 2066 732 2129 omni
748 2066 934 2131 humanitate
949 2065 1099 2138 alienum,
1118 2064 1170 2145 qui
1191 2061 1242 2123 ad·

272 2144 392 2234 uersum-
409 2161 438 2211 te
457 2159 575 2209 tantum
596 2143 708 2207 facinus
728 2145 949 2225 excogitassem,
971 2160 1038 2206 tuos
1061 2145 1132 2207 item
1152 2143 1242 2203 Cives

272 2241 304 2294 tn
325 2236 440 2291 santam
461 2224 661 2289 calamitatem
680 2239 743 2287 ram
764 2224 854 2303 impie
875 2221 1076 2293 conjecissem.
1097 2219 1178 2295 Quid
1195 2238 1245 2280 ve·

273 2321 307 2367 to
327 2302 487 2369 sitantum
508 2303 610 2377 abest,
639 2320 673 2364 ut
692 2322 749 2382 ego
770 2301 864 2364 ullam
883 2303 933 2363 abs
954 2320 1010 2374 te,
1038 2317 1128 2379 atque
1147 2320 1165 2361 a
1185 2298 1244 2361 tuis

273 2381 416 2453 iniuriam
435 2382 612 2463 acceperim,
636 2396 669 2445 ut
689 2400 742 2444 vos
762 2381 853 2443 etiam
874 2380 911 2442 de
926 2399 975 2441 me
993 2379 1107 2459 optime
1127 2377 1244 2443 meritos

270 2461 343 2536 esse,
365 2459 397 2525 bt
417 2461 523 2538 sciam,
538 2459 570 2524 δι
590 2459 727 2523 omnibus
748 2460 926 2524 sermonibus
946 2459 976 2521 id
997 2458 1132 2540 usurpem
1152 2466 1242 2540 quani

276 2537 490 2611 libentissime?
521 2542 603 2603 Nam
624 2562 692 2604 cum
721 2540 838 2603 Samuel
867 2539 947 2603 socer
966 2558 1074 2612 meus,
1100 2559 1141 2600 an
1160 2551 1245 2619 patet

274 2618 391 2763 ωαέἰεὲ
411 2620 672 2705 queminparentis
681 2623 798 2703 potius,
816 2621 949 2711 quamin
964 2618 1158 2683 socetilocum
1173 2617 1247 2688 jam·

275 2701 320 2851 pri
340 2720 386 2765 em
407 2702 522 2784 accepi,
545 2719 754 2786 acceptumque
762 2700 951 2775 colui,cum,
972 2699 1107 2782 inquam,
1125 2695 1244 2761 Samuel

288 2800 353 2843 ocer
368 2801 465 2859 meus,
487 2783 581 2845 homo
595 2781 759 2846 multorum
774 2801 809 2845 as
825 2783 1020 2847 maximorum
1037 2779 1244 2857 negotiorum,

275 2860 420 2940 positemo
446 2863 480 2925 in
506 2862 591 2925 illam
619 2863 730 2925 Urbem
759 2878 848 2925 tuam.
870 2882 938 2925 cum
968 2858 1102 2925 uniuersa
1130 2856 1244 2921 samilia

275 2941 512 3028 commigrasset,
536 2940 572 3005 sic
594 2960 613 3003 a
637 2958 666 3004 te
690 2942 817 3021 benigne
840 2959 975 3021 acceptus
997 2938 1064 3013 eli,
1088 2938 1125 3001 fic
1149 2936 1242 3001 aruis

276 3018 403 3083 Civibus
424 3020 589 3094 taediatus,
620 3037 654 3082 ut
675 3018 696 3081 si
717 3042 791 3084 unus
813 3041 848 3081 ex
871 3021 970 3084 velitis
991 3017 1088 3103 suisset
1112 3060 1122 3088 ,
1147 3014 1244 3077 nihilo

276 3099 426 3163 mansius
439 3098 533 3178 accipi
549 3140 560 3174 ,
582 3099 679 3161 nihilo
691 3098 846 3181 benignius
862 3098 979 3161 traslari
996 3093 1132 3187 potuisset
1147 3138 1156 3155 .
1171 3097 1245 3169 Qua

277 3180 380 3245 omnia
402 3181 434 3242 in
457 3197 557 3241 meum
582 3177 710 3241 socerum
730 3197 752 3239 a
776 3177 859 3240 vobis
884 3172 1087 3265 benignissime
1108 3174 1245 3249 collata,

278 3259 311 3331 in
334 3279 383 3322 me
408 3259 470 3333 eius
493 3256 692 3322 charissimum
715 3276 859 3338 generum
883 3254 1018 3318 existimo
1039 3255 1091 3315 eise
1113 3254 1245 3317 collata.

279 3336 321 3411 Et
343 3359 399 3422 ego
422 3353 486 3403 tam
508 3339 667 3420 ingratus,
691 3353 756 3399 tam
778 3355 906 3410 amens,
931 3351 993 3396 tam
1018 3333 1125 3415 impius
1140 3334 1245 3411 essem,

279 3434 312 3483 ut
332 3440 433 3503 aquo
455 3420 583 3501 benigne
607 3434 767 3508 acceptus,
788 3416 906 3489 amice,
927 3435 963 3479 ac
986 3413 1125 3477 benevole
1142 3414 1244 3479 trasia-

278 3515 328 3563 tus
350 3496 484 3577 fuerim,
506 3520 575 3562 eum
599 3495 701 3581 [quid
725 3496 805 3560 enim
830 3496 961 3576 rarius,
1003 3493 1051 3557 uid
1067 3495 1242 3569 immanius,

278 3579 351 3721 pisid
375 3600 426 3663 per
450 3598 550 3643 omnes
574 3578 651 3641 Deos
677 3577 772 3719 magis
835 3573 947 3637 versum
962 3515 1009 3657 ἢ
1033 3595 1083 3657 per
1097 3575 1245 3639 summum

291 3658 370 3723 celus
396 3675 430 3721 ut
453 3658 610 3724 demedio
636 3658 728 3721 tollen
749 3677 800 3720 um
826 3654 991 3730 studerem,
1016 3672 1068 3718 aut
1091 3658 1181 3718 etiarn
1198 3675 1246 3716 co·

276 3737 432 3820 gitatem?
456 3742 528 3801 Non
554 3739 578 3800 is
604 3759 660 3819 ego
685 3738 773 3811 sum,
799 3737 960 3817 Princeps,
986 3755 1046 3798 non
1070 3756 1169 3799 meum
1195 3753 1246 3812 ge·

273 3839 357 3897 nus,
382 3817 463 3902 quod
487 3818 686 3901 Principibus,
702 3818 782 3905 quod
801 3814 927 3899 Regibus
945 3831 1006 3881 tatu
1030 3815 1243 3951 fideleiridsm
