3000 4559
263 543 273 557 .
353 471 551 536 oraturio
571 469 746 534 CONTRA
769 472 1090 539 carnrrnntuu.
1130 494 1188 538 201

263 565 331 634 lure¹
345 553 526 615 haereditario
546 552 614 615 huic
636 552 769 614 Familia
790 553 873 615 venit
891 574 900 624 ;
929 554 950 614 sr
970 570 1042 617 vero
1062 555 1166 618 tabula
1185 559 1229 620 A*

263 633 374 697 testinis
395 649 509 695 tantum
531 653 594 693 eam
616 632 759 694 ditionem
781 632 966 710 adjudicent,
999 649 1089 716 tuque
1108 636 1228 719 iampri-

260 714 329 776 dem
351 733 417 774 eam
438 734 473 774 err
495 711 547 773 ista
567 731 646 775 nova
665 711 774 774 Ellensr
795 712 831 774 ad
852 713 1080 776 internecionem
1102 715 1229 779 adduxe-

264 794 328 868 ris,
358 793 419 863 jure
440 794 582 875 optimo,
610 799 758 874 quantum
778 793 810 853 in
831 810 861 855 te
882 796 921 856 ell
939 838 948 868 ,
967 812 1002 855 ea
1022 793 1134 872 ditione
1154 798 1230 858 ceci-

264 874 310 937 dit
331 872 465 934 Atellina
485 871 631 934 Familia.
652 873 733 948 Quin
755 874 847 935 etiam
868 891 952 936 tuum
973 873 1133 955 periculum
1153 876 1231 937 mul·

267 954 525 1032 committamus,
546 951 622 1013 mult
664 974 699 1015 ue
720 953 872 1016 certiusest
930 953 1037 1017 riculo.
1059 956 1139 1016 Nam
1148 954 1230 1037 quod

263 1055 283 1097 a
303 1053 352 1094 me
375 1034 459 1095 times
483 1033 550 1095 huic
571 1032 656 1095 Fami
671 1033 729 1109 ia,
751 1033 782 1095 id
802 1055 837 1096 ea
856 1031 884 1095 se
897 1034 979 1096 rciter
999 1030 1145 1116 possidet,
1174 1054 1230 1096 nec

259 1114 366 1198 quavis
399 1113 521 1177 Urbium
544 1111 744 1176 verberatione
767 1114 898 1176 maxima
917 1113 1056 1190 amittet,
1082 1115 1141 1192 vi,
1164 1115 1226 1177 vir·

261 1209 381 1276 tuteque
411 1195 460 1254 sua
487 1194 517 1255 id
550 1191 707 1269 defendet,
739 1194 851 1256 tuebitu
887 1215 948 1271 ue,
977 1212 1008 1257 at
1034 1192 1114 1277 quod
1142 1208 1177 1256 tu
1197 1194 1227 1257 ei

260 1272 364 1336 damni
386 1275 468 1336 affers
489 1318 497 1350 ,
521 1274 580 1346 jam
601 1273 633 1335 in
654 1274 749 1336 aliena
770 1277 810 1340 est
827 1291 951 1355 portum
968 1273 1106 1350 ditione,
1126 1281 1231 1338 mairu-

281 1374 335 1429 ue,
357 1353 475 1437 qua‚&
493 1355 580 1415 armis
601 1352 689 1434 longe
699 1353 795 1417 sumus
805 1353 949 1417 inferiores
959 1353 995 1416 ad
1016 1354 1230 1435 pugnandum,

260 1375 362 1498 dctua
389 1433 442 1496 ista
475 1434 608 1495 Familiae
635 1434 890 1516 metamorphosr,
918 1435 1007 1495 etiam
1028 1435 1089 1506 jure
1109 1433 1146 1496 ad
1167 1431 1229 1495 liti-¹

258 1513 410 1596 gandam,
431 1530 520 1597 arque
543 1535 578 1576 eo
599 1515 721 1597 magis,
741 1536 807 1577 cum
829 1531 861 1576 tu
883 1515 991 1576 Privile
1012 1514 1041 1575 ia
1059 1513 1155 1575 nostra
1174 1534 1227 1596 ap-

292 1593 361 1655 lles:
384 1614 447 1676 qua
468 1616 528 1656 vort
550 1615 650 1656 eorum
671 1612 747 1669 erat,
771 1593 877 1686 quibus
897 1535 1011 1677 aliquid
1029 1591 1145 1676 publice
1154 1613 1223 1684 pro-

281 1673 436 1736 ibebatur.
465 1675 521 1736 Sed
542 1675 661 1756 expedio
681 1675 844 1738 Historiam
866 1691 947 1737 tuam
968 1673 1044 1736 hisce
1063 1672 1227 1736 luminibus

253 1754 371 1835 optime
391 1754 574 1830 diffindam,
596 1772 630 1817 ut
646 1775 700 1838 ego
717 1772 747 1818 te
784 1755 852 1820 robe
876 1755 908 1815 in
924 1775 958 1817 ea
972 1769 1145 1817 exornatum
1163 1752 1225 1815 red-

253 1835 344 1898 dam.
367 1834 479 1896 Verum
500 1835 520 1897 sr
538 1836 580 1896 ita
598 1835 662 1911 est,
691 1856 750 1918 quo
788 1835 840 1897 iste
857 1849 1008 1918 tantopere
1024 1835 1126 1898 timere
1143 1833 1226 1899 vide·

253 1929 324 1990 rur,
347 1931 378 1977 ut
394 1916 447 1997 qui
465 1937 541 1978 nunc
558 1916 618 1978 alio
634 1918 755 1980 nomine
773 1933 933 1991 vocentur,
957 1935 1046 2000 atque
1061 1916 1135 1978 olim
1155 1960 1164 1992 ‚
1185 1913 1224 1976 de

250 1993 340 2058 bonis
360 1993 416 2056 suis
437 1995 639 2058 discedendum
661 1997 721 2072 fit,
743 1998 886 2060 continuo
905 1997 1101 2060 Bononienses
1117 2016 1153 2058 ex
1173 2013 1224 2056 ve·

250 2073 320 2138 ssris
341 2072 426 2136 bonis
447 2075 564 2137 cedite.
604 2077 685 2136 Nam
704 2077 899 2138 Felfineorum
917 2076 969 2136 illa
987 2077 1052 2137 sunt
1070 2075 1147 2138 bona
1164 2119 1171 2134 .
1186 2073 1221 2132 'i-

248 2154 413 2227 molentes,
435 2153 494 2216 alio
509 2155 701 2235 commigrare
717 2154 859 2236 inquilini
879 2200 886 2213 .
917 2155 998 2215 Nam
1016 2154 1092 2215 Urbs
1109 2153 1162 2213 illa
1180 2151 1222 2213 est

248 2233 366 2297 Forum
383 2233 531 2295 Cornelii.
554 2233 752 2308 Beneventani
770 2233 846 2295 ledes
864 2249 1000 2295 mutate.
1022 2234 1103 2295 Nam
1125 2230 1223 2291 isthaec

250 2314 325 2377 loca
350 2313 515 2395 antiquitus
541 2312 606 2373 sunt
623 2311 928 2375 Maleventanorum.
956 2313 1021 2373 Vos
1042 2331 1113 2374 vero
1136 2310 1221 2381 hujus

248 2394 357 2467 Cives,
375 2391 474 2465 Sardi,
490 2392 583 2453 cedite
591 2390 700 2451 insula.
720 2391 1010 2454 Sandaliorumenim
1032 2411 1066 2454 ea
1088 2390 1128 2452 est
1145 2389 1221 2451 mul·

248 2487 284 2534 to
307 2487 395 2546 ante,
413 2490 504 2553 quam
525 2470 639 2532 velita.
664 2471 718 2533 Sed
739 2472 810 2533 heus
831 2488 880 2547 tu,
899 2471 978 2544 Juris
998 2473 1089 2535 etiam
1109 2467 1221 2532 consul-

248 2550 390 2624 tillime,
420 2553 535 2614 numL
574 2551 596 2612 is
614 2550 791 2627 oblitum,
825 2551 930 2634 quiab
954 2572 1013 2615 ovo
1031 2546 1219 2613 recorderis?

248 2630 312 2694 Dic
331 2631 425 2706 milri,
441 2630 512 2714 quid
530 2571 610 2704 ridet
631 2632 683 2704 Jus
705 2631 811 2694 tuum?
833 2652 905 2694 num
920 2630 980 2703 eius
996 2632 1056 2694 haec
1072 2631 1137 2692 sunt
1157 2648 1223 2691 ver·

248 2709 311 2785 ba,
333 2711 372 2773 ff?
396 2711 430 2771 Si
449 2712 515 2791 quis
534 2713 564 2773 in
584 2714 689 2773 nomine
703 2709 820 2776 Instiru.
835 2712 871 2775 de
888 2715 990 2795 Legat.
1011 2713 1045 2773 si
1064 2712 1128 2792 quis
1137 2711 1223 2770 inno·

248 2793 330 2851 mine
350 2790 478 2867 testator,
496 2793 545 2853 vel
559 2815 587 2854 co
607 2793 729 2868 nomine,
751 2793 802 2853 vel
816 2795 999 2875 prenomine,
1019 2792 1069 2854 vel
1075 2791 1224 2874 agnomine·

248 2870 382 2952 legatarii
398 2873 554 2950 erraverit,
577 2815 607 2946 d
625 2875 660 2934 de
672 2873 789 2953 persona
804 2873 925 2952 conflet,
946 2870 1127 2934 nibilominus
1142 2871 1225 2931 valet

248 2951 376 3030 legatum
392 2975 403 3012 .·
426 2951 562 3034 idemque
585 2953 616 3013 in
634 2951 793 3016 haeredibus
815 2953 920 3016 servari
940 2949 1141 3025 Iurisconsulti
1164 2968 1223 3012 tra·

251 3029 346 3093 dunt.
368 3030 449 3105 Quid
464 3031 556 3113 igitur
574 3031 636 3094 alsi
657 3032 752 3095 immo
768 3053 840 3095 vero
855 3029 1005 3094 somnias?
1028 3027 1155 3110 ineptis?
1175 3029 1221 3088 in·

252 3108 346 3173 sanis?
368 3109 439 3172 Tibi
461 3113 585 3173 omnino
603 3109 755 3174 fatendum
771 3112 835 3187 eli,
855 3127 885 3173 te
900 3110 974 3172 nihil
992 3108 1085 3184 scire,
1113 3106 1167 3168 nisi
1187 3108 1220 3169 in

254 3189 362 3272 plateis
384 3211 531 3269 coaxare,
551 3208 639 3273 atque
659 3211 726 3253 cum
752 3189 889 3272 cuiusque
908 3189 1023 3330 &enatis
1055 3185 1224 3250 hominibus

253 3286 318 3333 tuac
341 3271 499 3334 inanitates
520 3271 643 3345 jactare,
661 3290 729 3332 cum
744 3269 852 3334 etiam.
873 3269 907 3331 Se
948 3269 1059 3332 sacrum
1080 3267 1145 3344 est,
1166 3287 1219 3329 no·

251 3349 283 3412 lo
303 3370 374 3414 cum
394 3349 478 3414 sacris
495 3372 556 3414 rem
573 3348 694 3414 habere.

291 3512 350 3573 sed
370 3511 472 3573 vellem
500 3510 537 3572 ab
562 3512 609 3591 isto
626 3512 689 3576 Viro
705 3511 878 3591 eruditiffimo
897 3511 1009 3587 doceri,
1046 3530 1095 3572 cur
1111 3511 1217 3590 Longo·

253 3593 311 3653 lius
318 3592 605 3674 AEssensesPrincrpes
619 3590 726 3672 scribat
730 3608 782 3675 per
800 3613 840 3668 ae,
860 3591 899 3654 (9
915 3590 1074 3670 Bonfadiur
1094 3590 1124 3650 in
1132 3589 1217 3652 Chro-

251 3673 323 3736 uicis
344 3676 512 3751 Ungarorum
533 3674 688 3752 Hessensem
704 3673 796 3755 perh
817 3691 882 3733 ame
903 3691 938 3732 e.

291 3831 361 3897 Dici
379 3851 439 3896 non
455 3832 567 3915 posset,
586 3833 696 3914 Sardi,
712 3853 803 3919 quam
826 3831 934 3921 ubique
950 3846 1003 3897 tua
1024 3823 1216 3991 ironiapssrilri
