3000 4559
316 485 358 548 94
442 466 445 469 ’
526 465 779 527 BARTHOL
808 467 976 527 RICGH

275 563 353 612 tuna
375 546 466 610 vestra
487 544 598 608 summa
625 547 778 627 prudentia
807 547 972 613 occurrite.
1002 544 1088 606 Coite
1110 542 1233 620 animis,

276 631 348 691 duni
369 627 451 690 vobis
472 628 617 707 integrum
642 627 697 694 est.
719 646 812 709 neque
828 647 887 687 rem
910 627 941 687 in
958 625 1030 686 illud
1053 641 1167 703 tempus
1183 623 1230 685 dif-

275 707 373 781 ferte,
401 728 461 789 quo
492 727 544 767 vos
575 708 668 788 magis
699 708 777 767 issius
807 705 913 766 dissidii
943 705 976 766 stt
1028 704 1229 778 oenitendum,

274 808 363 869 quam
386 803 451 848 cum
473 787 508 847 ad
530 786 879 866 vestris‘opitulandum,
908 804 971 867 quae
1004 783 1115 846 acuitas
1138 782 1230 857 detur,

274 867 502 948 conquirendum
525 883 611 947 atque
632 866 886 946 conquerendum3
907 863 1015 946 vosque
1032 883 1067 924 eo
1083 861 1229 924 foederefi·

275 949 338 1007 mul
361 968 418 1007 una
438 947 604 1025 conjungite
621 991 629 1021 ,
649 946 727 1026 quod
750 945 830 1007 nulla
849 944 945 1025 Regni
965 943 1138 1082 cupiditas,
1158 943 1229 1006 nulla

275 1028 380 1087 veteris
402 1027 461 1086 odii
484 1027 640 1099 memoria,
665 1026 745 1086 nulla
766 1025 849 1087 hossis
870 1042 972 1104 potens
1005 1022 1175 1098 olicitatio,
1195 1039 1228 1084 at·

274 1126 332 1186 que
352 1105 498 1184 corruptio
518 1126 675 1186 quicquam
698 1106 807 1167 violare
827 1103 937 1184 poffit.
958 1103 1066 1179 Quin,
1090 1102 1134 1164 uti
1155 1103 1228 1192 pleri·

274 1205 331 1264 que
352 1184 475 1244 vestrum
501 1188 561 1264 post
584 1186 727 1246 naturales
743 1185 995 1265 propinquitates,
1015 1181 1180 1244 aruiffimts
1195 1200 1227 1246 et·

272 1265 332 1324 iarn
356 1262 546 1325 affinitatibus
568 1265 713 1333 conjuncti
733 1265 825 1339 estis,
856 1267 898 1324 ita
925 1264 1016 1325 etiam
1037 1262 1156 1343 paribus
1176 1265 1226 1324 ani·

270 1364 387 1403 morum
409 1343 684 1418 conjunctionibus,
713 1364 746 1404 ac
773 1359 884 1425 quanto
911 1363 1029 1424 corpore
1051 1343 1180 1404 nobilior
1196 1342 1226 1403 est

273 1424 419 1496 animus,
448 1425 619 1492 tantocius
643 1424 731 1484 etiam
753 1423 942 1484 sanctioribus
963 1423 1090 1486 vinculis
1112 1422 1227 1484 devinci·

274 1503 349 1563 mini
368 1524 376 1574 3
405 1502 456 1584 qui
485 1525 554 1566 vero
576 1504 726 1584 superioris
748 1505 860 1582 generis
883 1503 964 1564 nullo
984 1503 1063 1564 nodo
1084 1503 1224 1564 continen-

271 1597 334 1657 tur,
355 1601 432 1644 certe
453 1583 483 1644 in
507 1605 566 1644 una
585 1584 693 1646 Christi
702 1583 872 1663 Religione,
894 1583 925 1643 in
946 1603 1005 1644 una
1024 1581 1085 1651 ejus
1105 1581 1160 1642 Dei
1182 1582 1222 1641 Fi·

271 1662 305 1722 lii
326 1661 521 1736 confessione,
550 1663 745 1738 ceremoniis,
775 1680 864 1743 atque
885 1662 1006 1723 vivendi
1027 1660 1220 1722 communibus

269 1743 429 1816 institutis,
446 1764 479 1802 ac
502 1744 611 1823 legibus
629 1742 778 1804 vobiscum
796 1744 861 1803 sunt
877 1740 1117 1812 conjunttiffimi.
1138 1744 1221 1816 Quare

272 1841 373 1881 omnes
390 1823 421 1881 in
440 1823 514 1883 hanc
531 1821 750 1896 sanctissimam,
765 1822 950 1903 maximeque
968 1821 1150 1882 necessariam
1166 1839 1221 1881 con·

267 1898 426 1959 sensionem
447 1902 600 1962 convenite
621 1901 744 1975 debetis,
768 1903 798 1962 in
814 1921 873 1982 qua
892 1922 958 1962 cum
980 1903 1074 1964 vestra
1094 1901 1217 1962 omnium

269 1980 354 2040 timul
374 1979 551 2056 vestrorum,
572 1999 659 2063 atque
679 1983 770 2042 totius
787 1982 871 2062 Reip.
888 1981 1057 2042 Christiana
1074 1980 1149 2043 salus
1166 1999 1221 2041 con·

270 2059 398 2119 tinetur.
421 2059 505 2141 Ego,
525 2062 648 2141 optimi,
671 2083 704 2122 ac
724 2060 869 2122 fortissimi
891 2062 1063 2140 Principes,
1084 2058 1220 2134 existimo,

269 2138 291 2198 fi
313 2158 453 2221 umquam
473 2141 544 2200 alias
567 2141 626 2201 hac
646 2141 737 2202 vestra
758 2141 923 2201 animorum
945 2141 1125 2215 concordia,
1147 2156 1222 2230 atque

270 2219 380 2278 virium
401 2219 570 2288 conjunctio
591 2221 674 2301 Reip.
696 2220 869 2281 Christiana
889 2241 973 2300 opem
996 2219 1096 2281 afferre
1118 2235 1218 2301 potuit,

270 2318 336 2357 eam
366 2300 421 2360 hoc
450 2317 578 2379 tempore
608 2300 742 2365 omnium
774 2301 934 2361 maximam
951 2299 997 2361 illi
1019 2300 1117 2360 afferre
1138 2299 1217 2380 posse,

269 2378 330 2456 iruo
352 2381 457 2453 hostis,
479 2381 497 2439 fi
521 2402 578 2440 non
595 2402 694 2440 ornnes
711 2380 829 2460 copias,
851 2396 925 2440 certe
944 2378 1102 2453 majorem,
1124 2401 1156 2441 ac
1170 2399 1218 2439 me·

269 2457 374 2518 liorem
398 2460 563 2539 partemin
592 2460 780 2534 certiffimum
808 2460 967 2539 periculum
997 2459 1140 2521 adducit.
1165 2459 1220 2519 Hoc

271 2539 351 2596 enim
373 2559 450 2599 nunc
473 2539 583 2617 prorsus
604 2539 745 2613 devicto,
773 2542 826 2600 aut
848 2539 1030 2619 ttiunrphum
1051 2539 1087 2600 de
1107 2539 1159 2601 illo
1176 2538 1216 2599 du·

270 2619 363 2689 cetis,
386 2636 436 2678 aut
457 2617 569 2677 affiduis
590 2619 668 2678 istius
690 2618 914 2693 incursionibus,
935 2634 1023 2700 atque
1044 2619 1135 2682 altero
1155 2638 1216 2699 quo·

268 2715 327 2776 quc
350 2717 427 2756 anno
448 2698 596 2757 teterrimo
617 2697 716 2772 bello,
744 2698 822 2780 quod
842 2699 1034 2760 miserrimum
1064 2699 1128 2773 est,
1156 2716 1214 2770 vos,

271 2773 434 2854 vestrosque
445 2776 565 2854 populos
589 2774 890 2838 feliciterliberabitis.
911 2779 1043 2854 Quibus,
1065 2779 1085 2837 sr
1107 2778 1128 2838 ii
1147 2777 1216 2848 estis,

268 2855 319 2932 qui
342 2852 450 2932 semper
473 2855 607 2926 honoris,
627 2857 657 2916 &
677 2856 776 2935 gloriae
797 2857 894 2935 cupidi
915 2857 1023 2932 fuistis,
1044 2857 1093 2918 ubi
1113 2877 1171 2917 eam
1187 2854 1215 2915 il·

268 2933 454 3005 lustriorem,
483 2955 571 3016 quam
602 2935 632 2995 in
661 2936 716 2996 hoc
746 2951 829 2997 tanto
860 2937 936 2998 hoste
967 2937 1099 3017 superato
1122 2932 1214 3025 assequi

267 3013 393 3092 possitis,
417 3015 498 3080 nulla
515 3016 658 3094 amplior,
679 3031 765 3096 atque
781 3016 884 3077 certior
899 3017 1019 3078 facultas
1037 3017 1098 3078 dari
1116 3031 1213 3097 poturt.

266 3094 349 3168 Quin
369 3094 482 3173 ingenti
504 3095 602 3172 gloriae
624 3097 755 3175 ingentes
775 3096 863 3156 etiam
883 3097 971 3177 copiae
991 3097 1146 3158 accedunt.
1166 3095 1214 3156 Sta·

266 3174 321 3234 tim
344 3175 422 3233 enim
443 3173 613 3238 Christianis
634 3174 760 3236 Urbibus
782 3176 918 3254 receptis,
938 3176 1072 3250 alienas,
1094 3178 1148 3236 hoc
1168 3175 1213 3244 cst,

267 3271 340 3392 puas
350 3253 513 3332 longissimo
524 3255 573 3315 usu
582 3255 668 3316 hostis
678 3254 739 3315 suas
749 3254 799 3315 fibi
808 3252 874 3314 fecit
883 3254 919 3328 ,sr
930 3276 987 3316 non
997 3257 1137 3337 capietiss,
1151 3270 1213 3315 certe

280 3330 449 3394 eratissimos
471 3355 569 3395 eorum
593 3355 674 3414 agros
684 3333 950 3415 depopulabimini,
967 3357 1000 3396 ac
1010 3335 1116 3414 praedas
1128 3339 1213 3414 ingen·

269 3427 313 3471 tes
331 3411 449 3472 domum
469 3415 665 3493 reportabitis.
686 3417 805 3488 Quanta
813 3431 911 3475 autem
928 3415 1042 3485 hujusce
1059 3416 1214 3476 animorum

268 3490 457 3552 consentionis
480 3497 571 3554 virtus
581 3495 631 3566 fit,
648 3513 849 3576 quantumque
858 3495 972 3568 valeat,
994 3495 1037 3555 bis
1049 3497 1147 3556 nostra
1165 3513 1214 3554 nte

269 3571 365 3629 moria
386 3569 510 3647 [nerem
529 3574 616 3633 altius
637 3574 786 3654 repetam]
807 3574 916 3652 experti
934 3575 1015 3643 estis3
1043 3574 1147 3649 semei,
1166 3591 1216 3656 quo

267 3663 399 3736 ternpore
422 3650 505 3709 istum
515 3652 769 3730 ipsuminPraeusae
790 3653 1067 3733 [utdicunthortu
1087 3653 1215 3715 conclusi·

266 3726 333 3817 ssis:
351 3747 439 3806 quam
449 3729 586 3809 reliquam
598 3732 768 3806 victoriam,
785 3733 924 3813 quoniam
935 3755 994 3794 non
1015 3755 1081 3794 vete
1102 3736 1215 3795 coivere·

154 3796 326 4062 Ἰν,
341 3809 762 3873 cumsummaveflraamisrstis
779 3811 962 3895 ignominia,
983 3815 1089 3878 iterum
1114 3808 1215 3875 eumad

307 3939 312 3949 .
1123 3892 1185 3955 Me·
1261 3918 1262 3927 ¹

1261 4030 1262 4051 i
