3000 4559
389 468 451 551 ηε
633 465 886 548 Bnnrrrou.
912 459 1078 525 nrccrr
1176 470 1218 479 ·-

347 568 410 625 ne,
434 554 505 625 ita,
529 546 618 613 etiam
639 549 700 622 iis,
721 547 774 631 qui
802 546 896 608 stlbter
918 565 971 606 nos
996 544 1131 606 habitare·
1155 557 1304 625 putantur.

346 631 427 707 Quid
445 630 535 712 igitur
551 629 571 690 sr
589 649 640 691 nos
665 629 719 690 hac
743 625 858 688 ratione
886 625 925 686 rei
950 644 1032 686 novae
1055 643 1171 686 novum
1190 620 1305 686 facimus

344 727 455 772 nomen
477 709 644 772 Latinum?
666 707 740 769 Ecce
760 706 910 768 barbaram
931 705 1156 786 arrogantium
1177 702 1305 785 Intellige

346 793 406 864 jam
426 790 579 872 quomodo
605 789 636 850 hi
660 788 771 850 Latine
801 786 910 868 linguae
937 785 1045 866 optimi
1065 783 1196 865 magistri
1216 784 1305 864 praeci-

345 873 450 1010 piant.
472 870 531 932 Dic
550 868 666 932 tandem
683 887 795 929 novam
814 867 898 927 illam
917 882 1001 928 tuam
1017 864 1243 945 expofitionem.
1258 863 1307 924 Ti-

366 950 375 1010 i
400 971 497 1022 nova3
517 949 637 1012 eruditis
655 969 715 1009 non
736 948 796 1008 ita.
817 949 899 1008 Nam
920 966 986 1007 cum
1007 945 1112 1007 dicunt
1128 988 1141 1019 ,
1157 942 1239 1005 rebus
1257 963 1305 1004 no·

343 1031 391 1092 vis
414 1030 489 1092 redde
509 1051 590 1092 nova
608 1028 719 1119 imponi
741 1026 817 1109 polle
833 1027 970 1099 nomina,
990 1024 1128 1087 omnibus
1142 1023 1182 1084 iis
1219 1022 1307 1085 uidem

344 1111 508 1185 Gentibus,
529 1111 560 1171 ἃ
581 1110 694 1183 Gallis,
713 1108 744 1170 δι
767 1106 926 1188 Hispanis,
946 1106 978 1168 δι
1001 1104 1184 1180 GermaniS,
1254 1103 1306 1164 lta·

344 1189 382 1250 lis
400 1187 412 1270 [
428 1206 461 1251 ut
477 1207 593 1253 caeteros
610 1208 688 1251 nunc
704 1188 843 1250 omittam
854 1186 922 1328 ὲεο
940 1185 1029 1247 modo
1046 1185 1173 1259 dicunt,
1187 1198 1220 1244 ut
1234 1201 1304 1265 quae·

344 1289 402 1409 pue
424 1270 507 1330 Gens·
525 1271 558 1331 in
583 1270 641 1331 suis
663 1267 747 1330 rebus
769 1267 800 1328 id
823 1289 853 1329 re
883 1288 899 1328 e
922 1264 1014 1328 facere
1038 1265 1124 1346 poffir
1145 1308 1158 1325 .
1176 1262 1212 1323 Id
1234 1261 1306 1343 quod

360 1367 457 1428 emper
478 1349 604 1426 licuisse,
617 1365 706 1430 atque
721 1348 811 1410 etiam
827 1346 888 1409 fore
904 1347 1016 1427 semper
1029 1388 1042 1420 ,
1055 1361 1090 1406 ut
1114 1343 1219 1418 liceat,
1238 1342 1305 1402 affir-

345 1443 448 1500 mant;
470 1445 505 1490 ut
525 1451 596 1492 vero
616 1428 678 1491 alia
696 1429 729 1490 in
749 1427 852 1489 alienis
872 1427 904 1488 id
919 1426 1062 1501 efficeret,
1078 1424 1216 1486 nonita.
1232 1424 1306 1484 Nam

346 1522 441 1648 nepue
467 1506 592 1590 Hispani
620 1509 705 1570 rebus·
727 1509 815 1570 novis
830 1506 975 1582 Gallicis,
989 1525 1085 1586 neque
1106 1520 1211 1566 contra
1232 1501 1303 1564 Gali

345 1587 388 1647 Hi
401 1589 488 1668 panis
502 1606 583 1652 nova
596 1589 709 1651 faciunt
724 1589 847 1649 nomina
862 1631 872 1663 ,
895 1587 995 1668 itaque
1011 1605 1108 1666 neque
1123 1582 1222 1646 caeteri
1234 1598 1303 1644 cete·

347 1665 405 1742 ris,
427 1669 475 1729 sed
496 1671 617 1752 quisque
644 1684 761 1730 tantum
786 1668 842 1729 suis
860 1706 869 1726 .
892 1664 1010 1748 Ecquid
1031 1665 1089 1727 hoc
1105 1663 1163 1726 tibi
1180 1658 1304 1726 videtur?

344 1748 390 1808 tui
409 1748 495 1809 solius
511 1749 565 1810 elie
582 1748 753 1810 sententiam
772 1792 780 1806 .
803 1747 922 1809 Omitte
938 1763 1011 1808 vero·
1024 1745 1105 1815 c'ujus
1123 1745 1159 1804 srt
1175 1788 1183 1803 .
1199 1740 1299 1824 Ecquid

343 1844 410 1886 eam
432 1827 555 1906 probas?
576 1829 689 1908 magis,
707 1845 772 1909 qute
787 1826 916 1887 aliorum
930 1827 971 1887 est
986 1826 1143 1898 omnium,
1162 1822 1234 1884 mihi
1248 1842 1302 1902 pro·

256 1930 259 1939 ·
344 1904 445 1967 batur.
466 1909 539 1980 Quae
563 1926 637 1969 vero
657 1905 800 1967 aliorum?
820 1906 991 1968 Ciceronem
1013 1906 1104 1979 audi,
1122 1905 1178 1986 qui
1201 1903 1300 1983 planius

344 1985 378 2046 in
403 2004 501 2046 meam
521 1986 699 2048 sententiam·
721 1985 815 2047 dicere
840 2005 902 2047 non
925 1987 1031 2067 pollet.
1052 1985 1112 2046 Hic
1137 1983 1219 2046 enim
1238 1981 1299 2043 mihi

344 2065 459 2156 optime
475 2081 578 2142 cavet,
598 2086 635 2127 ne
651 2081 756 2128 contra.
771 2082 836 2127 tuos
853 2065 921 2127 ilios
939 2085 987 2128 me
1010 2063 1110 2127 dixille
1134 2064 1257 2137 clames,
1273 2081 1299 2122 tc

347 2146 426 2206 urvis
443 2164 491 2206 me
509 2147 567 2208 tuis
585 2147 642 2207 istis
660 2145 897 2208 adsentationibus
921 2145 952 2207 in
978 2163 1126 2236 magnum
1149 2139 1299 2206 odiumnd·

344 2224 450 2314 ducas,
471 2246 548 2319 quos
569 2242 590 2288 a·
610 2246 658 2288 me
681 2238 833 2308 tantopere
857 2226 1009 2288 contemni·
1031 2223 1204 2286 insimulasU
1221 2220 1252 2285 Is
1265 2222 1307 2282 in.
1343 2238 1347 2285 ς

345 2305 462 2387 inquit:
482 2308 567 2386 idque
585 2328 647 2368 cum
668 2307 788 2382 Grecis,
807 2323 868 2367 tum
886 2307 976 2388 magis
995 2303 1093 2381 nobis,
1131 2301 1213 2364 uibus
1230 2300 1300 2361 etia
1342 2316 1347 2367 ς’

263 2392 266 2403 ’
344 2383 430 2444 verba
445 2386 583 2466 parienda
604 2386 677 2464 sunt
690 2430 702 2461 ,-
729 2387 949 2468 imponendaque
973 2386 1055 2446 novis
1082 2408 1111 2449 te
1148 2404 1166 2443 s
1190 2382 1308 2460 nmina·-
1342 2427 1347 2448 ,

345 2464 429 2539 Quid
447 2467 566 2545 planius
591 2466 749 2546 expertes,
775 2483 827 2527 aut
849 2484 940 2548 quem
984 2465 1133 2527 rariorem
1155 2464 1298 2524 Annorum
1339 2498 1347 2534 3

343 2543 499 2619 defidereS,
522 2565 584 2606 non
607 2546 710 2606 video.
730 2545 835 2607 Cicero
850 2546 890 2607 est
906 2485 1042 2609 Aufior.
1069 2546 1130 2606 Res
1156 2560 1250 2606 autem
1264 2540 1300 2601 ite
1339 2545 1347 2553 '

344 2623 463 2697 testata,
480 2639 513 2712 ut
530 2624 604 2684 nihil
622 2624 717 2704 magis
732 2625 869 2687 testatum
886 2626 940 2686 elie
956 2624 1043 2707 possit·
1056 2667 1068 2684 .-
1088 2623 1155 2686 Suis
1170 2668 1183 2698 ‚
1196 2621 1297 2704 inquit,

341 2700 425 2788 relius
442 2722 527 2790 novis
544 2703 651 2783 cuique
666 2720 747 2766 nova*
760 2706 886 2785 nomina
899 2705 1035 2767 facienda
1047 2704 1134 2776 sunt,
1156 2719 1189 2766 ut
1202 2699 1308 2765 Grecis·
1345 2738 1346 2743 κ

342 2779 417 2852 suis,
439 2779 522 2868 nobis
549 2781 649 2841 nolitis
659 2803 671 2850 ;
687 2797 723 2843 ut
736 2827 749 2857 ,>
769 2785 944 2846 numeriam
962 2783 1215 2864 Iocupletiffin'ram
1232 2782 1302 2843 Gne·

342 2876 408 2948 carn
427 2858 559 2939 linguam
576 2859 716 2923 haberent
732 2863 964 2938 Romani·,unde
978 2865 1077 2929 multa
1092 2865 1216 2927 nomina
1229 2859 1299 2923 rebus
1344 2928 1346 2933 ,

343 2935 401 3029 suis
418 2953 517 3018 petere
531 2939 658 3020 pollent,
680 2940 829 3004 idtamen
838 2943 951 3006 Cicero
972 2964 1035 3006 non·
1057 2937 1301 3014 admittere13sed

343 3017 395 3109 filu
413 3019 550 3097 parienda
566 3021 620 3081 effe
636 3020 689 3082 sua
703 3020 831 3094 dicerem·
851 3039 904 3100 ut‚
939 3026 995 3087 uod
1011 3024 1046 3086 de
1063 3024 1182 3088 duabus·
1204 3023 1243 3083 lin
1280 3019 1285 3030 '

343 3098 454 3159 dtdlum
472 3100 523 3175 sit,
540 3099 572 3161 id·
587 3100 622 3162 de
638 3101 778 3164 omnibus
793 3103 867 3164 tedie
883 3045 994 3166 dilium
1009 3103 1085 3179 esse,¹
1100 3102 1200 3166 videri
1214 3121 1250 3183 po
1268 3113 1302 3159 rt.

344 3180 427 3269 Nam
451 3180 472 3240 st
496 3177 636 3242 omnibus
657 3178 823 3262 promiscue
843 3183 956 3246 didiunt
978 3185 1074 3255 eiset3
1102 3178 1306 3265 stipulatorem

344 3257 476 3334 Medici,
492 3260 682 3322 Consultores
698 3262 729 3323 in
745 3257 836 3343 Iure,
848 3282 974 3344 quorum
990 3263 1199 3327 voluminibus
1213 3258 1303 3324 omnia

342 3338 409 3425 sunt
425 3339 531 3429 plenar
549 3342 603 3422 qui
616 3341 671 3404 ilio
686 3342 775 3405 modo
791 3343 917 3406 scribunt
925 3350 938 3420 ',-
954 3364 998 3406 res
1013 3363 1108 3407 novas
1123 3343 1182 3406 suu·
1195 3339 1307 3404 nomine

344 3437 376 3476 rn
392 3419 505 3481 Latinis
526 3419 724 3500 appellantes,
744 3423 921 3485 Latiniffimi
938 3424 1137 3495 haberentur3.
1157 3422 1240 3506 quod
1252 3436 1310 3480 tau*

345 3511 410 3557 tum
427 3496 503 3560 abest
520 3542 534 3575 r
551 3516 587 3561 ut
609 3501 665 3575 site
686 3512 721 3562 ut
738 3503 805 3583 ipsi·
818 3520 936 3647 quossue
959 3504 988 3564 se
1011 3504 1149 3566 barbaros
1165 3503 1219 3564 elle
1232 3497 1304 3562 didi·

345 3590 426 3636 tent.
448 3577 504 3666 Sed*
524 3581 667 3659 quoniam·
689 3581 748 3642 hae
769 3582 871 3662 eadem
905 3606 924 3645 e
939 3601 974 3646 -re
997 3585 1099 3646 multo
1118 3579 1301 3664 copiofiusit

346 3670 493 3747 prooemio
511 3656 624 3749 secundi
645 3659 713 3722 libri
725 3663 771 3723 -de
792 3663 964 3724 Imitatione
983 3664 1226 3747 disputavimus,
1243 3657 1303 3721 illuc

344 3749 375 3797 te
397 3754 517 3812 renero,
539 3738 557 3797 sr
581 3739 629 3800 uid
655 3741 712 3803 hoc
736 3742 807 3804 loco·
826 3743 1017 3807 desiderabis.
1040 3743 1087 3807 Ar
1105 3741 1299 3819 Quintiliane
1341 3772 1347 3813 J

339 3758 874 3901 ait1ErgoconJuetudimmsetmom's
893 3823 995 3887 vocabo
1013 3824 1177 3905 msensitm'
1195 3819 1299 3882 mn
1338 3853 1346 3915 p

1117 3952 1130 3957 ,.
1184 3921 1262 3975 Μ)

220 3952 326 4066 ¹!
