3000 4559
398 490 456 532 110
615 464 869 529 BARTHOL.
899 463 1060 524 alceir

378 551 408 611 ui
430 551 461 611 in
481 546 600 629 lingulis
622 545 752 629 partibus
773 543 804 605 δι
824 560 936 619 natus,
964 543 1090 606 &altus
1112 538 1207 607 suisset
1223 585 1232 602 .
1249 540 1314 607 Pm-

341 568 432 691 sesto
452 629 484 690 in
513 628 634 690 homine
655 625 749 688 multa
771 624 864 699 sunt,
892 643 956 706 quz
983 624 1044 694 jure
1064 623 1179 702 optimo
1201 619 1314 689 summis

357 708 490 771 laudibus
513 707 681 769 tollantur:
703 704 750 767 sed
771 703 853 765 nulla
873 704 1005 766 omnium
1026 723 1068 764 res
1090 701 1156 777 ost,
1197 722 1239 765 uae
1259 722 1314 771 ma·

355 788 411 860 iori
453 789 602 862 meconio,
629 805 750 868 quaque
777 783 917 845 omnibus
936 781 1154 846 commendatio
1178 782 1184 791 '
1208 804 1239 845 us
1258 804 1314 849 ma·

378 869 401 929 is
422 808 512 950 digna
532 867 582 942 s1t,
602 886 692 948 quam
715 864 902 939 humanitas,
922 884 986 946 quae
1005 863 1038 926 δι
1057 861 1181 924 facilitas
1196 862 1310 927 dicitur.

352 889 453 1019 §luins
474 947 551 1010 enim
574 946 638 1018 vit,
659 961 748 1028 atque
768 942 907 1006 nobilitas
929 945 1012 1007 tanta
1034 943 1091 1016 est,
1111 957 1146 1005 ut
1166 941 1188 1005 si
1207 940 1265 1008 ioh
1277 945 1310 1009 ab

353 1029 474 1090 homine
505 1025 680 1099 auferatur,
709 1026 734 1085 is
754 1023 851 1164 pellea
869 1023 963 1087 nudus
984 1024 1021 1086 ab
1039 1022 1123 1085 omni
1144 1021 1231 1087 laude
1246 1066 1256 1099 ,
1272 1041 1311 1087 at·

351 1127 412 1188 que
437 1105 695 1168 commendatione
722 1124 755 1167 te
768 1104 931 1186 inquatur.
959 1105 1023 1167 Hac
1053 1122 1124 1164 vem
1144 1123 1206 1165 una
1226 1104 1312 1167 animi

352 1184 599 1260 mansuetudine,
627 1205 664 1247 ac
692 1185 810 1265 propria
836 1183 964 1245 hominis
990 1202 1060 1247 cum
1089 1180 1258 1247 hominihus
1275 1182 1311 1247 fa·

347 1267 477 1340 cilitate,
498 1266 563 1349 quis
584 1285 644 1326 uno
661 1266 705 1326 Re
727 1263 1117 1344 eFranciscopraellantior,
1136 1264 1236 1327 imno
1249 1284 1309 1328 nim

349 1347 418 1429 quis
446 1366 507 1408 non
536 1344 632 1407 multo
663 1344 781 1406 inerint
801 1341 885 1405 suit?
915 1343 1036 1406 Adiisset
1065 1342 1133 1425 quis
1158 1343 1308 1421 adrine,

349 1427 419 1489 laeto
440 1445 507 1487 eum
529 1425 639 1505 semper
661 1424 746 1486 vultu
768 1467 777 1499 ,
797 1423 908 1486 latiore
930 1425 1017 1484 etiam
1036 1424 1172 1485 oratione
1189 1424 1253 1485 Rex
1268 1444 1308 1485 ac·

345 1505 499 1588 cipiebat.
526 1505 612 1580 vQuin
629 1524 701 1566 cum
722 1503 854 1584 plerique
874 1503 1066 1584 Principum,
1084 1519 1175 1586 atque
1197 1504 1306 1585 Regum

347 1585 506 1650 insolentia
522 1605 592 1646 cum
612 1585 648 1650 ad
668 1603 716 1646 eos
735 1584 904 1659 accedunt,
933 1583 1079 1645 interdum
1108 1600 1177 1645 toto
1194 1584 1305 1660 animo,

347 1682 439 1749 atque
457 1666 592 1726 oratione
609 1663 711 1726 cadere
731 1662 867 1739 soleant,
896 1664 947 1725 hic
975 1663 996 1724 st
1021 1662 1096 1804 quid
1118 1663 1179 1727 tale
1198 1665 1231 1725 in
1250 1663 1305 1726 ullo

343 1745 443 1806 secum
467 1743 640 1819 accidisset,
667 1747 720 1804 sua
746 1743 929 1818 hilaritate,
959 1764 993 1804 ac
1034 1745 1077 1806 uis
1104 1741 1305 1814 iucundiffimir

347 1823 442 1885 verbis
461 1844 531 1886 eum
552 1821 734 1898 sustinebat,
755 1823 947 1904 animumque
963 1823 1008 1884 illi
1024 1821 1147 1891 faciebat
1163 1823 1202 1885 ad
1217 1823 1304 1887 diceu-

341 1903 442 1974 dum3
470 1923 538 1965 cum
565 1923 626 1963 non
646 1903 690 1962 ita
706 1917 810 1964 tamen
837 1903 892 1964 lrac
911 1905 1028 1984 propria
1049 1904 1180 1965 hominis
1202 1903 1304 1967 virtute

344 1982 446 2045 abusus
465 1983 532 2058 sit,
561 1998 595 2044 ut
622 2002 641 2042 a
667 1982 794 2063 personae
822 1981 877 2045 suae
898 1985 1044 2063 gravitate
1065 1984 1230 2066 quidquam
1249 2002 1304 2047 um·

343 2082 435 2145 quam
452 2061 667 2125 abduceretur.
697 2063 781 2123 Nam
801 2063 832 2124 in
854 2062 916 2144 ipsa
935 2061 1022 2134 hujus
1043 2064 1231 2126 humanitate
1248 2082 1302 2145 gra·

342 2142 445 2205 vitatis
466 2143 599 2233 splendor
625 2141 738 2223 semper
764 2142 876 2204 elucere
903 2143 1082 2219 videbatur,
1110 2144 1143 2204 in
1172 2163 1233 2226 qua
1253 2162 1302 2207 unt

343 2223 438 2285 animi
455 2237 567 2286 virtute
586 2237 671 2284 tanta
695 2241 880 2305 quamquam
908 2222 956 2284 hic
982 2224 1080 2286 nullus
1108 2222 1183 2286 alias
1201 2220 1301 2314 stillet,

344 2323 379 2363 ac
400 2303 456 2364 hoc
476 2319 610 2378 tantum,
628 2301 708 2384 quod
727 2302 844 2379 dicam,
861 2304 1009 2379 humane,
1027 2325 1063 2366 ac
1081 2303 1212 2384 benigne
1229 2300 1298 2365 setis·

342 2381 402 2458 set,
423 2382 551 2462 profesto
571 2401 673 2444 omnes
692 2382 887 2445 humanitatis
915 2385 1069 2458 rationes,
1097 2399 1189 2524 aqque
1207 2401 1298 2444 numo·

340 2482 387 2523 ros
415 2460 562 2524 absolviss'e
584 2462 641 2522 dici
672 2462 777 2523 merito
798 2463 903 2543 pollet.
925 2466 1005 2524 Nam
1026 2483 1095 2524 cum
1146 2461 1234 2539 asar,
1252 2461 1296 2525 vit

337 2541 431 2604 armis
461 2541 666 2603 recentioribus
694 2543 854 2623 depositis,
875 2564 910 2604 ex
930 2543 1072 2624 Hispania
1100 2543 1133 2604 in
1159 2542 1294 2613 celticam

340 2638 531 2701 properarat,
560 2637 648 2701 atque
670 2620 725 2681 iter
744 2622 819 2683 illud
838 2622 865 2682 ei
885 2643 936 2703 per
956 2624 1087 2685 Galliam
1105 2619 1293 2686 commodiffi·

338 2718 424 2759 mum
443 2700 610 2774 accideret,
639 2700 668 2760 id
690 2701 743 2761 vix
764 2702 842 2780 prius
863 2701 900 2764 ab
920 2705 964 2763 Re
985 2724 1001 2765 e
1029 2703 1128 2784 petit,
1156 2698 1293 2784 quamab

334 2777 442 2838 <eodem
466 2780 628 2858 impetrat.
659 2780 702 2839 At
722 2779 834 2841 itineris
854 2802 941 2843 conce
964 2803 992 2843 ro
1012 2801 1192 2866 quamquain
1213 2781 1292 2844 mati·

337 2876 389 2918 ma
407 2855 484 2932 suit,
504 2858 627 2919 minime
647 2874 748 2920 tamen
766 2879 825 2999 prae
846 2882 901 2936 eo,
920 2863 1000 2944 quod
1024 2863 1050 2924 se
1072 2862 1209 2938 uitur,est
1228 2860 1289 2934 iudi·
1341 2866 1342 2871 ’

338 2952 418 2998 cata.
439 2936 573 2999 Primum
594 2957 722 3020 namque
742 2938 786 2999 ili
809 2941 929 3004 honoris
950 2883 1086 3006 caullasrc
1107 2944 1144 3004 ab
1166 2938 1287 3005 uniuersa
1341 2946 1342 2959 ¹

338 3016 441 3079 Gallia
458 3018 555 3079 multa
574 3018 702 3098 passuum
722 3019 819 3080 millia
836 3021 957 3084 obviam
976 3023 1017 3085 est
1036 3024 1139 3097 itum,
1169 3040 1204 3085 ut
1225 3017 1286 3101 Regi

336 3097 387 3178 ipsi
405 3096 459 3158 suo
479 3097 644 3180 longissime
664 3098 807 3160 Gentium
828 3101 995 3165 advenienti
1017 3134 1040 3179 ,·
1055 3124 1151 3185 neque
1171 3100 1286 3186 frequen·

335 3179 406 3242 riori
425 3178 577 3260 equitatu,
599 3198 637 3239 ne
660 3199 695 3240 ue
714 3179 820 3241 latiori
841 3183 941 3244 animo
954 3184 1024 3246 esset
1040 3182 1206 3245 occursum.
1224 3180 1286 3258 Qui·

329 3259 386 3322 bus
414 3278 485 3319 vero
504 3259 553 3319 hic
573 3199 705 3339 oppidis,
726 3259 867 3341 quidnam
888 3263 994 3325 adibus
1011 3261 1129 3330 dicam?
1151 3260 1284 3325 subitoin

333 3359 405 3420 agro
423 3338 589 3414 extruitis,
631 3359 668 3399 ua
688 3337 739 3401 ille
759 3341 815 3400 iter
833 3341 959 3405 sasiurus
977 3342 1071 3421 esset,
1101 3364 1135 3405 ac
1156 3364 1218 3425 qua
1234 3359 1284 3407 mt-
1340 3384 1343 3392 ·

335 3417 507 3500 gnificentia
526 3417 559 3477 in
579 3418 623 3479 Ur
643 3417 730 3494 ibus,
757 3440 817 3501 quo
834 3421 943 3504 ubique
969 3441 1108 3507 perpetuo
1137 3441 1280 3506 apparatu,

332 3517 393 3579 quo
411 3496 590 3558 nobilissimo
608 3500 771 3572 comitatu,
789 3520 851 3583 quo
869 3504 989 3578 animo,
1010 3525 1071 3587 quo
1085 3503 1215 3586 denique
1228 3501 1284 3566 tul

338 3593 372 3638 tu
402 3595 469 3638 cum
500 3576 669 3657 Principum
698 3579 861 3654 omnium,
889 3599 954 3643 tum
979 3585 1096 3665 Regisi
1119 3585 1173 3646 fius
1194 3578 1279 3667 quoad
1337 3593 1343 3661 ἕ

333 3675 369 3716 err
390 3655 433 3717 Re
455 3675 493 3716 no
512 3657 656 3730 exiverit,
679 3657 710 3718 ἃ
730 3675 863 3739 acceptus
880 3661 914 3722 ἃ
934 3663 1075 3726 trasiatus
1096 3606 1209 3739 suerit,
1229 3663 1279 3725 diet
1338 3674 1343 3737 ξ

334 3755 382 3796 me
391 3675 541 3809 deerant,
556 3735 726 3816 srexplicare
734 3738 876 3800 conabor.
896 3743 961 3805 Rex
970 3765 1096 3827 namque
1113 3746 1190 3810 alias
1214 3744 1278 3804 alios

328 3815 426 3899 Reges
456 3815 665 3898 amplitudine,
686 3834 775 3902 atque
794 3820 1123 3906 omni4magnificentiae
1142 3839 1282 3907 apparatu,
1339 3862 1342 3890 t

220 3896 315 4066 κ
1172 3905 1250 3985 supe.
