3000 4559
319 496 378 556 204
550 470 803 533 BARTHOL
833 464 1003 533 Rlccir
1115 482 1154 513 'f‘

277 554 425 619 dummodo
444 554 474 614 t'n
494 552 607 613 alterius
623 553 757 630 fraudem
765 553 799 613 id
818 575 871 612 non
885 549 955 621 fiat.
977 555 1076 633 ,Quum
1097 541 1242 627 Le'gt‘sdi‘fi·¹

274 637 430 717 pofitionem
450 633 594 714 amplexus
613 632 751 714 Egnatius
770 675 780 706 ,
801 635 852 711 qui
870 633 982 710 jamdiu
1001 628 1123 690 Veneriis
1138 645 1238 686 utram·

280 738 333 796 quo
352 714 479 797 linguam
499 715 541 774 itu
557 709 721 795 prqbtetur,
749 728 782 770 ut
804 712 831 771 ei'
850 709 1020 770 humaniores
1049 709 1136 768 sitem
1153 707 1242 788 pluri·

279 817 357 855 mum
377 791 512 869 debeant,
532 817 594 855 cum
607 794 687 872 ,orius
705 790 834 870 Baptista
855 791 992 871 Cipelli'us
1013 804 1240 860 vocaretut,mio·

279 892 338 934 tato
354 877 475 948 nomine,
490 873 524 950 sc
540 875 599 935 dici
614 873 706 933 voluit
719 873 889 952 Egnatium
912 869 1018 931 Fabius
1034 868 1130 948 Vigil,
1151 866 1235 945 Spole·
1266 883 1270 894 ·

279 971 362 1013 tanus
376 955 520 1032 Autisscs,
547 954 592 1014 cui
606 975 700 1011 nomen
715 948 822 1012 Fabius
836 950 965 1020 Vetulae,·
994 949 1105 1009 Pierius
1124 946 1235 1007 Valerio-

279 1057 351 1108 uus,
366 1035 445 1115 prius
460 1035 559 1092 Petrus
573 1032 677 1092 Valerii
695 1051 705 1104 3
725 1028 884 1106 Pbcdrus,
907 1030 1070 1106 clariffimus
1085 1030 1183 1087 Orator
1189 1029 1239 1100 itu

279 1136 394 1188 manus,
417 1110 539 1171 Thomas
560 1115 715 1190 Ingerarrus
734 1109 890 1172 dicebatur:
912 1110 1091 1182 Politianus,
1109 1106 1190 1188 prius
1206 1108 1236 1166 dc

280 1196 377 1252 Monte
391 1192 526 1253 Pulciano
542 1213 552 1264 3
581 1192 744 1252 Dominicus
761 1191 930 1252 Calderinus
945 1235 955 1265 ,
971 1190 1053 1271 prius
1068 1189 1104 1248 dc
1119 1186 1234 1248 Caldeu'·

277 1273 339 1342 uis;
354 1271 448 1351 Janus
467 1271 560 1332 Aulus
580 1270 757 1346 Parrbafius,
775 1273 856 1352 prius
868 1275 991 1350 Joannes
1013 1268 1126 1329 Paulus
1139 1268 1175 1327 de
1187 1268 1234 1326 Po·

212 1393 214 1398 .
276 1353 303 1411 rt'
313 1353 347 1412 u's
367 1349 597 1433 nuncupabatur.
628 1354 729 1412 Videat
742 1352 837 1431 itaque
851 1350 952 1413 AuHor
966 1348 1112 1430 Epistola,
1132 1347 1167 1407 de
1185 1366 1231 1426 quo

274 1433 382 1510 supra,
403 1456 622 1513 unumquemque
635 1433 720 1511 suum
741 1433 864 1509 Nomen,
884 1435 1060 1508 Pinnem,
1088 1427 1128 1490 (θ’
1141 1431 1231 1507 Cogno·

281 1535 343 1574 men
355 1514 431 1596 poffc
447 1533 570 1591 mutare,
590 1537 643 1574 non
665 1514 803 1574 alienum.

316 1671 402 1755 Ego,
423 1672 550 1739 Praefetu
570 1674 639 1737 Viri
658 1716 668 1751 ,
689 1696 852 1758 numquam
873 1671 1092 1754 prudentiorem
1114 1663 1227 1740 vitun,

275 1755 427 1837 magisque
449 1772 586 1836 argutum
608 1755 816 1835 disputatorem
836 1754 917 1830 vidi,
937 1773 1031 1834 neque
1040 1749 1127 1814 credo
1142 1766 1224 1831 quen·

273 1854 366 1973 quain
386 1833 510 1895 vestrum
532 1836 622 1897 etiam
643 1835 770 1896 vidisse.
791 1836 960 1909 Haflenus,
981 1851 1046 1914 quie
1067 1829 1190 1911 undiquc
1203 1827 1223 1888 i·

300 1934 315 1973 e
336 1913 368 1973 in
387 1914 480 1975 caussa
500 1913 549 1974 sua
567 1915 780 1976 corroboranda
798 1914 943 1994 collegit,
973 1933 1007 1972 ea
1027 1910 1132 1973 omnia
1151 1928 1223 1984 auo·

276 1990 320 2052 bis
340 1993 420 2069 esse,
439 1989 522 2052 facile
544 1993 685 2057 sensistis.
709 1995 776 2056 Hoc
797 2012 896 2056 autem
919 1993 956 2054 de
977 1993 1069 2072 Lege,
1095 1985 1224 2070 quamdo

273 2073 408 2147 neminie
425 2073 626 2143 commutandi
648 2073 762 2136 ratione
781 2075 871 2148 citat,
891 2072 985 2146 nihil,
1005 2069 1087 2154 quod
1109 2068 1224 2150 magist

273 2152 360 2215 nobis
380 2152 432 2228 fit,
454 2152 604 2234 nihilque,
624 2153 703 2235 quod
713 2156 810 2235 magis
831 2170 933 2215 contra
953 2151 1041 2214 istum
1061 2149 1169 2223 faciat,
1184 2145 1223 2207 ad·

274 2232 341 2295 duci
362 2231 484 2314 potuit.
505 2226 571 2313 Ego
593 2251 668 2295 certe
684 2280 693 2311 ,
712 2236 766 2317 qui
788 2235 910 2296 caussam
931 2252 1028 2293 meam
1050 2246 1114 2291 tam
1134 2226 1224 2294 studio·

274 2312 303 2373 se
323 2334 407 2394 ago,
435 2332 526 2393 quam
547 2315 680 2390 videtis,
711 2315 829 2396 gravius
850 2329 1057 2394 argumentum
1079 2310 1117 2372 ad
1138 2325 1224 2372 vocem

273 2411 370 2453 meam
391 2392 533 2454 Atessiam
564 2393 792 2456 confirmandam
816 2392 979 2474 excogitate
1007 2391 1223 2473 nequivissem,

273 2488 307 2533 ut
331 2474 361 2533 in
383 2472 439 2534 hoc
460 2493 506 2532 me
528 2474 623 2533 multo
645 2474 732 2535 istum
752 2473 911 2542 dofflmem
934 2464 1034 2546 fuisse,
1057 2471 1132 2530 inihi
1148 2467 1228 2529 saten-

272 2551 344 2612 dum
367 2551 418 2625 sir,
438 2555 490 2632 qui
511 2555 608 2614 caussa
629 2574 718 2628 meae,
738 2574 829 2635 quam
841 2575 896 2634 ego
916 2552 1051 2626 fecerim,
1073 2550 1225 2612 multoma-

271 2631 317 2710 gis
339 2631 503 2710 profuerit,
533 2648 567 2694 ut
583 2633 635 2692 nisi
657 2634 780 2695 caussam
803 2634 882 2695 suain
903 2648 1030 2714 ageret,
1059 2623 1224 2712 pracvaricari

270 2729 339 2771 eum
359 2730 461 2772 omnes
481 2710 566 2772 facile
588 2712 721 2791 suspicari
763 2713 879 2774 ossent.
902 2714 963 2774 Lex
983 2711 1065 2772 enim
1083 2751 1094 2788 ,
1114 2706 1227 2790 inquit,

270 2789 435 2930 permittit,
454 2811 599 2872 quemque
619 2811 726 2852 nomen
738 2734 819 2856 buum
830 2792 880 2853 fibi
902 2807 1086 2873 permutare,
1106 2787 1187 2852 modo
1201 2783 1229 2845 id

284 2890 334 2959 ine
349 2867 466 2932 alterius
489 2868 541 2930 siat
562 2868 677 2932 frauise.
699 2873 804 2949 Itaque
825 2866 893 2934 Viri
914 2871 1105 2935 literatissimi
1122 2916 1132 2948 ,
1151 2884 1231 2949 atque

272 2950 396 3039 optimi,
417 2950 477 3041 alii·
490 2972 525 3011 eit
547 2950 676 3031 Cipellio
698 2953 730 3014 in
751 2953 915 3034 Egnatium
937 2974 946 3025 3
967 2952 1019 3013 alii
1040 2973 1078 3014 ex
1101 2954 1183 3014 Petro
1202 2947 1229 3006 in

271 3027 479 3120 Pierium3alu
499 3052 535 3093 ex
556 3031 667 3103 Joanne
677 3033 708 3093 in
717 3033 947 3109 Janum,aliiex
965 3033 1127 3096 Dominico
1144 3029 1230 3091 inDo·

270 3125 412 3182 mitium;
434 3110 485 3171 alii
507 3133 542 3173 ei
563 3113 624 3174 alio
645 3114 675 3173 in
698 3114 779 3176 aliud
799 3114 875 3176 reste
896 3133 1004 3175 nomen
1026 3112 1228 3174 suumconver·

271 3204 370 3253 terunt
387 3209 395 3249 :
412 3190 460 3281 ¹ad
476 3211 601 3272 quoium
620 3214 736 3255 morum
752 3196 897 3256 rationem
918 3194 1066 3273 optimam
1098 3213 1154 3272 ego
1168 3206 1230 3270 quo·

270 3288 327 3350 que
345 3271 434 3351 Legis
449 3270 508 3341 ejus
524 3271 666 3334 beneficio
684 3291 792 3348 utens,
815 3274 851 3335 ab
869 3274 976 3334 Estensi
998 3273 1122 3335 barbara
1141 3288 1232 3340 voce,

270 3366 322 3429 atq
334 3369 368 3411 ue
379 3349 422 3439 'ab
437 3346 569 3439 Atestina
584 3354 759 3433 impropria,
781 3352 836 3416 feei
851 3354 1001 3444 propriam
1012 3368 1232 3421 vocemmeam,

268 3427 301 3488 δι
318 3428 457 3491 Latinam
479 3431 597 3499 huiusce
611 3432 743 3495 Familia
766 3434 938 3496 Atestiam.
968 3438 1010 3496 At
1030 3432 1111 3495 fraus
1132 3452 1162 3491 ni

267 3503 346 3566 fassa
361 3507 400 3569 est
421 3554 428 3568 .
452 3511 531 3570 Nam
557 3512 716 3590 periculum
742 3515 905 3576 maximum
934 3514 1002 3577 huic
1027 3446 1234 3595 Familiaeiffi

268 3585 360 3646 mado
375 3602 507 3675 creatur,
528 3591 665 3680 ncillam
683 3594 840 3672 impostor,
864 3595 923 3665 ejus
940 3594 1026 3675 ipsius
1045 3593 1156 3655 tabulis
1173 3590 1234 3652 alie·

268 3685 309 3726 no
333 3686 452 3726 nomine
484 3672 680 3750 conscriptis,
711 3674 746 3732 de
763 3673 902 3747 ditione,
927 3694 960 3734 ac
981 3694 1080 3735 rerum
1104 3673 1233 3735 omnium

265 3744 428 3827 possessione
444 3744 527 3808 facile
543 3750 673 3813 deturbet
690 3797 699 3826 ,
721 3769 809 3834 atque
826 3753 943 3822 dejiciat
960 3799 967 3813 .
996 3753 1044 3812 Ad
1071 3753 1135 3818 haec
1157 3752 1233 3830 supra

266 3824 431 3907 responsum
462 3828 529 3907 est,
558 3829 626 3893 satis
651 3832 704 3895 esse
729 3852 764 3897 eii
788 3834 895 3917 Lege,
922 3833 945 3894 si
977 3832 1155 3976 constetisse
1180 3846 1237 3911 ptr·

1132 3931 1205 3974 ona.
