3000 4559
530 475 955 538 unnuiouum
1153 492 1239 564 y,

267 555 357 629 isslat
372 556 393 639 Ῑ
408 572 458 620 aut
480 577 498 620 a
518 557 682 638 Rheginis,
701 573 755 619 aut
774 578 792 618 a
811 556 1023 634 Locrensibus,
1042 556 1094 623 aut
1114 582 1132 624 a
1154 565 1240 628 Nea·¹

267 638 425 718 politanis,
446 654 498 700 aut
517 657 535 698 a
555 638 743 711 Tarentinis,
766 654 817 700 aut
838 639 876 699 ab
897 638 1113 704 Heracliotibus
1135 644 1165 705 in
1180 645 1242 706 Ci·'

268 719 395 778 vitarent
415 733 548 799 acceptus
572 715 684 792 suisset,
715 718 770 778 suat
797 719 932 800 cujusque
952 717 1092 781 Civitatis
1111 722 1235 786 Tabalu

267 814 418 874 extarent,
450 815 501 860 aut
522 797 623 860 saltem
644 798 748 858 harum
770 798 892 889 aliqua,
911 818 1036 881 quatum
1058 799 1134 865 nihil
1155 802 1237 866 aliud

267 875 380 953 habet,
408 898 497 961 quam
551 879 608 940 uod
629 877 664 939 de
685 897 733 939 me
762 879 878 940 audistis
900 923 908 938 .
938 878 1009 941 Haec
1031 879 1107 942 ratio
1129 881 1169 943 esl
1189 897 1238 946 tot

268 956 356 1026 hujus
378 957 502 1020 aliarum
524 899 709 1020 Civitatum.
732 959 822 1019 Nunc
842 959 931 1020 venio
951 959 988 1020 ad
1010 959 1154 1022 nostram.
1177 961 1240 1025 Ro·

268 1056 351 1097 mani
374 1038 419 1100 hic
441 1039 559 1101 tandem
576 1037 659 1099 venit
681 1038 740 1099 istis
759 1039 962 1119 multiplicatis
978 1038 1177 1116 Civitatibus,
1198 1038 1239 1106 ad

269 1115 438 1191 Lucullum,
449 1118 529 1199 quasi
537 1119 626 1179 totius
636 1119 744 1196 Grecite
754 1135 882 1199 portum,
891 1119 1022 1200 appulit.
1042 1119 1151 1182 Civem
1160 1138 1237 1261 gro-

268 1195 393 1257 litetur.
425 1196 565 1260 Lucullus
597 1198 690 1288 magis
712 1197 762 1260 sua
783 1199 967 1262 humanitate
988 1199 1065 1260 hunc
1086 1220 1139 1280 pro
1189 1199 1241 1261 ive

268 1275 401 1352 traslat,
421 1297 512 1359 quam
533 1276 792 1368 quodlquicquam
813 1279 893 1341 aliud
914 1294 994 1341 certo
1015 1279 1098 1341 sciret
1119 1280 1155 1340 de
1176 1279 1248 1350 ejus'.

268 1355 427 1417 Ciuitate.
457 1359 562 1438 Neque
584 1376 664 1421 enim
685 1359 920 1440 Vrr‘egregius,
951 1373 1038 1438 atque
1059 1359 1095 1420 ad
1117 1377 1242 1421 omnem

268 1437 279 1495 l
304 1435 457 1497 lendoreni
478 1453 562 1499 natus
584 1434 619 1497 de
646 1436 811 1499 doslillrmo
841 1438 1043 1512 adolescente,
1071 1439 1121 1520 qui
1143 1437 1247 1498 Hera--

267 1593 356 1654 bulas
379 1592 524 1673 proferat,
566 1595 663 1669 uaerit,
685 1595 751 1657 satis
773 1597 885 1672 habet,
907 1597 927 1658 fi
949 1597 1136 1660 adolescentis
1160 1596 1242 1687 inge·

267 1674 357 1735 nium
381 1675 412 1734 in
434 1695 549 1757 pangen
572 1677 592 1736 's
614 1675 738 1738 versibus
756 1676 932 1753 admiretur,
954 1695 1042 1760 atque
1058 1679 1093 1738 iis
1110 1691 1248 1743 maxime·

268 1751 454 1817 obledletur.
483 1755 551 1817 Hoc
580 1757 669 1819 modo
688 1776 707 1817 a
729 1757 855 1819 Lucullo
876 1777 929 1839 pro
950 1758 1026 1818 Cive
1045 1758 1168 1820 Archias
1191 1756 1241 1816 ha·

268 1833 349 1898 bitus
371 1833 427 1894 est.
447 1835 605 1898 Lucullum
626 1836 716 1900 secuti
739 1837 806 1900 sunt
827 1837 961 1912 Metelli,
982 1836 1013 1899 δι
1032 1853 1131 1919 pater,
1153 1835 1184 1898 ἃ
1204 1832 1251 1896 fia

268 1914 347 1987 lius,
367 1913 412 1974 Μ.
433 1916 590 1990 lsimilius,
617 1920 655 1991 Q.
675 1915 800 1980 Catulus
824 1918 855 1981 u
876 1932 980 2000 pater,
1003 1916 1034 1978 &
1055 1916 1151 1991 filius,
1182 1917 1248 1976 Lu·¹

269 1995 334 2054 cius
355 1993 483 2068 Crassus,
503 1996 606 2070 Drusi,
626 1998 772 2071 Catones,
791 1999 955 2073 Hortensii,
1001 1999 1031 2058 ui
1049 2016 1153 2058 omnes
1170 2010 1242 2057 cuin

268 2072 325 2138 illo
345 2071 527 2137 familiariter
548 2089 714 2150 uterentur,
735 2097 769 2140 ac
788 2097 842 2157 pro
861 2077 938 2140 Cive
958 2015 1132 2150 bimarem,
1156 2093 1243 2134 num·

269 2173 364 2236 quain
385 2171 483 2216 tamen
505 2157 664 2293 quicuuam
688 2156 816 2243 amplius
838 2155 874 2217 de
896 2157 957 2226 ejus
979 2154 1112 2217 Ciuitate
1134 2152 1250 2213 habue'

270 2250 343 2296 tunt
362 2276 372 2307 ,
392 2254 482 2315 quam
504 2237 585 2295 Lucu
600 2234 668 2296 lus.
691 2239 752 2309 Qui
781 2254 858 2295 error
875 2233 997 2314 pervasit
1018 2234 1107 2314 usque
1130 2230 1167 2292 ad
1188 2231 1246 2290 hoc

267 2329 405 2391 tempus.
418 2312 514 2386 ,Quod
535 2333 606 2375 veto
627 2314 663 2373 ad
685 2312 865 2374 haereditates
882 2313 994 2381 aditas3
1016 2312 1053 2371 ad
1069 2309 1146 2370 fasla
1161 2309 1254 2371 testa·

268 2409 395 2461 menta3
418 2393 454 2452 ad
474 2391 558 2472 Reip.
581 2391 735 2470 beneficia,
756 2392 828 2532 inid
850 2408 912 2453 tam
930 2391 1039 2453 mirum
1055 2388 1128 2465 suit,
1149 2388 1259 2479 siunai

268 2471 474 2545 muliercula,
502 2491 566 2555 quae
588 2473 664 2534 hunc
685 2472 797 2534 sextua
819 2471 960 2552 aspersit,
988 2470 1108 2551 decepta
1128 2468 1194 2544 ell,
1225 2465 1247 2531 u

268 2569 323 2620 tot
354 2551 532 2614 nobiliffimae
554 2550 672 2614 familia
702 2553 734 2613 in
765 2553 826 2623 ejus
856 2551 987 2614 Ciuitate
1007 2550 1131 2633 deceptu
1153 2548 1224 2638 sunt
1236 2546 1257 2620 ς’

270 2648 328 2695 aut
349 2630 369 2691 sl
393 2633 477 2713 Reip.
501 2632 639 2695 beneficia
659 2633 728 2696 huic
746 2633 965 2696 communicata
994 2631 1084 2706 sunt,
1114 2647 1181 2691 cum
1202 2647 1246 2702 ii,

295 2712 330 2774 ui
351 2712 455 2793 Remp.
475 2714 656 2794 gubernant,
678 2733 745 2776 eum
766 2734 821 2804 pro
842 2713 917 2776 Cive
938 2711 1048 2795 semper
1068 2703 1247 2771 habuerint?

269 2732 330 2854 ged
351 2794 492 2872 quoniam
512 2815 568 2876 ego
589 2793 849 2871 sentio,Judices,
869 2813 916 2854 ine
937 2794 968 2853 in
989 2793 1044 2853 hac
1063 2790 1157 2853 caussa
1179 2807 1245 2869 gra·

270 2868 443 2946 vissimum,
464 2889 551 2956 atque
570 2873 834 2957 eloquentissimum
856 2875 952 2936 virum
975 2873 1019 2933 M.
1035 2873 1074 2932 T.
1090 2871 1126 2931 C.
1148 2868 1248 2928 aduer-

270 2951 386 3015 sarium
415 2951 467 3011 else
496 2953 689 3032 habiturum,
719 2955 789 3035 qui,
816 2973 885 3015 cum
905 2953 985 3034 quod
1006 2952 1062 3011 hoe
1081 2947 1248 3035 adolescens

274 3030 347 3094 usus
369 3028 409 3091 est
430 3031 590 3109 Magistro,
611 3051 676 3096 tuni
695 3034 775 3116 quod
796 3034 833 3094 ab
854 3035 907 3095 isto
928 3031 990 3112 ipso
1006 3029 1184 3091 Consulatus
1202 3023 1247 3086 sut

273 3131 323 3177 tes
344 3108 438 3191 gestas
459 3111 568 3173 Graecis
590 3114 712 3175 versibus
729 3113 813 3173 scribi
835 3113 962 3172 maxime
983 3109 1085 3196 cupit,
1105 3107 1179 3195 hanc
1198 3101 1248 3190 tle·

275 3188 437 3254 sensionem
460 3192 583 3253 omnino
610 3195 649 3255 est
679 3193 881 3270 suscepturus,
910 3188 992 3250 brevi
1013 3187 1088 3245 mihi
1108 3183 1162 3246 visi
1183 3180 1249 3272 estis

277 3271 517 3346 commonendi,
546 3293 631 3334 non·
678 3273 714 3336 od
742 3271 779 3332 de
808 3269 943 3351 singulari
974 3264 1068 3326 vestra
1088 3263 1245 3353 prudentia

276 3349 428 3428 dubitem,
457 3349 503 3412 sed
524 3373 561 3429 ne
582 3373 636 3415 cau
656 3375 679 3416 ae
699 3370 771 3413 meat
789 3351 911 3433 usquam
933 3339 1248 3484 defhisse.v.idef¹.X⁰s‘

279 3430 361 3506 sim,
391 3449 426 3493 ut
445 3432 587 3508 videatis,
610 3455 646 3496 ne
662 3433 699 3496 ab
714 3433 775 3502 ejus
795 3429 919 3491 artificio
940 3445 1111 3507 capiamini.
1136 3423 1177 3485 Vi
1197 3441 1247 3484 eor

278 3511 361 3573 enim
389 3531 458 3572 eum
488 3503 585 3576 uidere
605 3514 744 3607 quicquid
768 3508 940 3573 indicendo
961 3523 1011 3568 aut
1034 3504 1168 3588 ingenii,
1196 3518 1263 3566 aut¹

281 3591 348 3654 usus
371 3590 483 3666 habet,
511 3593 541 3653 id
569 3615 657 3656 omne
680 3617 711 3656 rn
733 3595 786 3654 liae
806 3591 898 3652 caussa
918 3589 970 3649 esse
990 3586 1247 3676 depromptu-runt,

282 3691 317 3733 ac
346 3671 427 3753 quasi
455 3690 565 3735 novum
597 3675 744 3756 quoddam
768 3670 920 3754 perorandi
940 3687 1030 3810 {enus
1052 3663 1249 3757 inniudictum

283 3750 497 3826 adduslurum
519 3752 673 3832 videlicet,
694 3771 726 3817 ut
748 3753 890 3814 continuo
911 3768 950 3810 vo
971 3748 993 3808 is
1015 3748 1138 3809 Poeticae
1158 3741 1249 3803 sacul-

283 3832 372 3907 tatis,
391 3846 481 3915 atque
491 3830 563 3896 adeo
571 3836 664 3897 totius
673 3835 808 3897 Hilloriae
818 3831 934 3972 laudes,
955 3819 1249 3956 atquevirtutesssgua

915 3929 938 3987 4
1158 3918 1168 3959 l

265 1456 383 1576 ciiensrs
403 1515 487 1576 Civis
515 1514 607 1578 fastus
628 1515 686 1591 sit,
709 1519 841 1586 aureius
863 1517 1005 1579 Civitatis
1029 1533 1062 1579 ut
1082 1517 1157 1580 ullas
1178 1516 1248 1578 Ta·-

1313 3948 1353 4058 i
