3000 4559
311 493 313 497 ’
349 506 390 568 14
569 480 819 545 BARTHOL
840 472 1008 543 mccii
1351 550 1353 561 Ι

306 566 352 648 se,
374 565 428 650 qui
447 562 594 627 Milonem
615 559 826 636 interficerent3
846 560 993 623 Milonem
1014 570 1084 623 vero
1100 556 1224 639 semper
1242 556 1278 637 ini

306 650 336 710 se
366 644 488 730 tegendo
512 662 631 705 omnem
655 662 771 723 operam
792 639 947 725 posuisse:
984 655 1019 703 ut
1054 638 1145 701 etiam
1182 653 1249 699 tum
1260 678 1275 731 3

306 748 373 789 cum
401 725 540 788 Clodium
577 722 732 798 adoritur,
763 722 820 785 dici
848 719 965 803 possit,
994 720 1089 802 magis
1121 716 1272 793 lacessenti¹

307 804 507 889 respondisse,
565 822 634 876 uani
662 800 855 865 dormientem
884 799 1070 865 lacessiville.
1098 799 1204 880 Atque
1232 798 1274 861 ita

306 884 366 963 fit,
395 903 429 949 ut
456 904 523 946 cum
591 882 632 944 ilo
660 882 799 946 Clodium
838 881 1040 964 aggreditur,
1076 894 1169 963 atque
1199 875 1274 941 occi·¹

286 966 377 1041 dit,
407 964 485 1047 quod
514 961 633 1026 virtutis
673 961 705 1024 iii
733 961 909 1045 aggresfione
939 959 1032 1038 fuit,
1070 958 1101 1023 id
1132 957 1275 1033 Miloni;

328 1045 386 1107 uod
408 1064 477 1108 vero
496 1042 618 1118 eauslae,
648 1040 678 1104 id
706 1042 817 1106 Clodio
844 1039 1045 1115 attribuatur.
1074 1037 1275 1117 Quemadmo·

305 1066 378 1187 gum
399 1140 516 1199 autem,
537 1123 667 1197 ludices,
687 1125 811 1187 caussam
832 1122 956 1184 alteram
977 1122 1009 1185 in
1030 1121 1135 1201 Remp
1144 1116 1275 1195 rejiciat,
1352 1191 1353 1197 ἵ

307 1204 470 1266 videndum
490 1202 592 1265 restat.
611 1202 684 1266 Haec
700 1222 799 1267 autem
817 1203 925 1285 duplex
941 1201 999 1273 est;
1021 1221 1097 1277 una,
1118 1196 1275 1267 undecim
1340 1187 1353 1226 ²·

307 1282 351 1345 dii
371 1283 496 1359 odium,
516 1303 577 1367 quo
600 1283 759 1346 crudeliore
773 1284 932 1346 :Milonem
952 1279 1083 1364 persequi
1107 1298 1172 1341 non
1194 1292 1275 1359 pote·
1339 1266 1351 1334 ,⁰

305 1378 370 1437 rat,
391 1380 526 1426 exortum
541 1362 602 1434 est,·
622 1363 731 1441 altera,
752 1384 843 1447 quam
860 1362 905 1423 illi
922 1361 1052 1436 Patriae,
1074 1379 1109 1421 ac
1125 1357 1274 1421 bonorum
1337 1346 1353 1385 ¹¹

304 1443 441 1505 omnium
482 1443 553 1505 ieras
574 1441 725 1508 afferebat.
746 1448 791 1505 Ac
805 1441 1079 1527 quodadprituam.
1101 1436 1274 1517 Quamdiu,
1334 1424 1353 1484 Ρ

303 1522 433 1600 ludices,
449 1463 574 1586 &odius
582 1521 729 1586 Milonem
750 1522 819 1600 libi,
838 1543 899 1606 quo
915 1523 1013 1583 minus
1029 1516 1272 1609 Rempadsuaui
1334 1505 1353 1545 Π

303 1600 484 1666 effiaenatain
506 1602 658 1666 libidinem
679 1604 804 1686 diripere
825 1601 936 1684 pollet,
956 1600 1033 1663 nihil
1050 1598 1164 1663 obllare
1179 1596 1273 1675 vidit,
1332 1585 1353 1625 ¹¹

302 1682 418 1745 tamdiu
438 1683 522 1746 nulla
544 1683 623 1755 huuc
643 1683 751 1754 iniuria
773 1680 942 1759 lacessivit,
959 1680 1053 1743 ¹nullo
1070 1679 1184 1742 damno
1208 1674 1272 1749 asse·
1330 1664 1353 1704 ⁰'

303 1761 376 1838 cit,
402 1782 439 1853 ¹rie
459 1761 549 1826 verbo
570 1761 691 1846 quidem
720 1763 758 1827 ad
780 1763 873 1826 ullam
893 1752 1057 1825 inimicitia
1078 1757 1274 1850 suspicionem,
1331 1745 1353 1797 ⁰¹

302 1858 450 1904 vocavit:
482 1858 517 1906 ut
536 1862 606 1905 vero
627 1843 707 1906 hunc
725 1844 759 1904 in
781 1863 840 1906 uno
861 1840 1002 1904 Cicerone
1023 1837 1203 1904 restituendo
1222 1852 1277 1911 voi
1346 1825 1353 1865 ¹

305 1918 434 1997 biseum,
454 1937 485 1984 at
506 1941 543 1983 ue
563 1942 631 1984 cuni
651 1923 786 1986 universo
803 1922 910 1986 Senatu
926 1920 1105 1995 consentite,
1125 1934 1220 2001 atque
1239 1915 1280 1991 iu'

303 1998 337 2061 id
358 2000 445 2063 sludii
461 1942 609 2065 aibentius
625 2001 793 2065 incumbere
811 2001 893 2065 sensit
910 2046 920 2079 ,
946 2002 989 2063 ita
1006 2000 1053 2063 illi
1068 1997 1211 2067 inimicus
1226 2012 1273 2069 ex?

303 2094 387 2142 ortuo
405 2080 476 2158 est,
504 2099 594 2165 atque
614 2103 650 2144 eo
671 2083 705 2145 in
727 2083 816 2145 illuni
840 2082 909 2144 odio
924 2081 1054 2156 exarsit,
1078 2094 1120 2155 ,ut
1140 2075 1271 2155 mullum
1328 2062 1349 2106 ’Β

302 2158 402 2241 poslea
422 2161 541 2238 locum,
560 2162 676 2224 nullum
696 2178 830 2255 tempus,
853 2162 966 2224 nullam
986 2160 1165 2224 occasionem
1184 2156 1272 2231 omitq
1327 2144 1353 2215 Ψ

298 2254 400 2317 teret,
428 2260 496 2303 eum
513 2239 551 2303 ad
576 2262 693 2306 ornnem
716 2243 803 2314 huius
822 2242 998 2325 dignitatem
1014 2236 1259 2322 infringendam,
1327 2222 1353 2265 '²

299 2320 478 2412 tumeliam
497 2322 587 2385 etiam
609 2342 661 2405 per
680 2343 808 2399 omnes,
830 2322 957 2404 sipollet
1005 2318 1121 2383 insidias
1138 2316 1271 2387 auserim
1323 2303 1353 2346 ω

298 2397 393 2471 dani3
421 2400 511 2492 idque
527 2421 622 2492 neque
641 2401 783 2480 obscure,
804 2402 899 2485 neq'ue
922 2367 1125 2476 dissimulate,
1147 2397 1197 2461 sed
1255 2428 1270 2451 ι
1320 2382 1353 2442 le

300 2477 391 2553 lani,
419 2500 451 2541 in
468 2478 532 2542 soro
549 2525 559 2555 ,
579 2503 611 2542 iii
626 2480 788 2565 Templis,
811 2482 947 2557 inviis,
975 2498 1065 2564 atque
1079 2478 1113 2543 iii
1127 2498 1180 2543 oin
1206 2478 1212 2491 '
1234 2492 1269 2545 ut

299 2556 388 2646 urbis
407 2558 477 2621 locis
496 2559 631 2623 didicere
651 2582 712 2625 noti
734 2562 905 2626 dubitavit.
937 2561 1086 2624 Postremo
1106 2564 1180 2623 veto
1198 2570 1268 2629 eum

300 2636 505 2727 illepraeturae
525 2637 581 2700 suae
600 2642 801 2721 petitionem,
822 2661 913 2784 guam
929 2640 961 2703 iii
978 2640 1104 2734 alterum
1126 2656 1238 2730 antium
1253 2678 1283 2713 ,-¹
1319 2681 1353 2744 su,

299 2730 594 2885 letiensi
616 2718 1267 2878 ”ileulilioli—inluuie
1318 2760 1353 2884 i,

299 2874 329 2936 se
348 2874 450 2966 videt,
470 2894 589 2966 neque,
609 2880 629 2948 si
646 2882 669 2944 is
691 2881 804 2944 Consul
826 2880 902 2971 fiat,
932 2880 959 2943 se
1021 2878 1059 2942 lle
1079 2880 1111 2969 in
1133 2878 1266 2970 practura
1316 2845 1350 2982 ἓ

296 2953 371 3030 sua,
391 2971 427 3045 ut
442 2974 474 3015 in
489 2956 654 3023 Tribunatu
670 2959 777 3025 fecerat
796 3004 806 3035 ,
828 2960 958 3035 Pisone,
1031 2958 1164 3023 Gabinio
1185 2952 1265 3025 coiit,
1317 3000 1353 3059 Η

295 3033 348 3097 suo
368 3034 537 3129 arbitratu,
549 3038 637 3101 nullis
647 3040 866 3132 impedimeutic
887 3039 1045 3132 adhibitis,
1062 3040 1170 3119 Remp.
1195 3036 1265 3103 diii·¹
1318 3022 1346 3141 ul}

296 3133 381 3269 lil‘:
400 3116 884 3266 tillecllffllliidllllll
901 3136 1101 3277 {cirilli
1114 3116 1264 3273 ,stalli
1317 3159 1353 3301 lg

1349 609 1353 667 l

1348 708 1353 746 i

1347 787 1353 827 ε

1346 867 1353 908 t

1345 927 1353 987 l

1343 1025 1353 1068 C

1341 1106 1353 1166 l

1319 2443 1353 2503 li

1320 2542 1353 2605 qe

1320 2618 1347 2663 m

297 3274 402 3349 callia,
424 3275 444 3336 si
461 3297 533 3367 opus
561 3295 605 3356 it,
624 3278 759 3364 quotidie
777 3279 945 3363 pollicens,
968 3296 1057 3364 atque
1070 3297 1194 3341 omnem
1217 3294 1263 3337 eo·
1317 3320 1330 3383 t

297 3370 364 3413 rum
385 3354 585 3421 Com1tiorum
616 3359 760 3422 rationem
786 3360 819 3423 iii
845 3361 873 3423 se
896 3362 992 3443 ipsum
1015 3357 1202 3440 suscipient,
1231 3376 1263 3423 οε

295 3450 395 3494 mnem
416 3435 561 3527 ambitum
581 3436 619 3500 sic
641 3437 768 3517 obibat,
796 3456 831 3503 ut
854 3439 1081 3523 quodprecibus
1098 3458 1160 3500 non
1176 3434 1254 3499 obti-
1318 3416 1353 3517 lu,

292 3528 399 3603 neret,
419 3535 535 3606 minis,
555 3532 589 3578 ut
603 3517 814 3608 assequeretur,
835 3520 1010 3583 conabatur.
1032 3520 1075 3581 Ut
1090 3516 1266 3579 continuo*
1318 3493 1353 3616 ἓ

297 3588 429 3685 Ῐῌὼῦεξ,
451 3610 571 3656 initium
593 3597 708 3667 hujusce
731 3600 815 3662 caedis
837 3620 856 3661 a
878 3601 1064 3680 Reipcaulla
1086 3613 1189 3660 ortum
1210 3592 1262 3658 ell'c'
1327 3577 1353 3666 ⁰.

295 3670 435 3763 videatis.
457 3675 539 3735 Nam
556 3676 575 3736 si
592 3677 671 3741 Milo
686 3679 836 3743 remsuam
854 3681 971 3761 egisset,
982 3679 1008 3819 ἑ
1019 3700 1080 3742 noii
1095 3676 1178 3739 enim
1194 3672 1262 3758 pos·
1318 3657 1353 3725 cl

294 3748 357 3811 suin
373 3752 468 3814 dicere
483 3771 601 3836 propter
615 3759 674 3828 eius
690 3760 891 3841 integritatem
908 3804 917 3837 ,
946 3758 966 3819 si
1010 3758 1087 3821 lodii.
1096 3772 1196 3839 partes
1220 3752 1260 3817 se·
1319 3737 1353 3858 Ξ

294 3846 380 3893 euius
396 3829 483 3904 effeti
505 3849 593 3919 atque
609 3857 677 3900 cuin
693 3860 728 3902 eo
744 3840 777 3902 iii
794 3839 900 3923 Remp.
921 3834 1138 3923 conjuraffet‚]
1160 3852 1260 3920 neque

1158 3936 1217 3985 vos
