3000 4559
320 488 377 527 too
441 478 448 487 '
544 460 798 524 BARTHOL.
829 457 995 519 Ricctt

276 544 488 614 Grimoaldum3
508 545 651 602 ponamus
671 542 701 600 in
721 537 831 600 Libello
851 541 886 599 de
908 536 1098 612 liberalitate,
1118 534 1240 612 Botliant

278 625 413 703 Ellensnn
432 643 664 695 commemorans,
691 622 721 680 in
741 620 854 680 Coelunt
874 619 958 699 usqne
985 616 1121 679 extollit.
1149 618 1240 678 Aldus

277 704 429 767 Manutius
450 707 554 778 Graece,
575 703 730 780 Latineque
746 698 941 777 eruditissimas
963 699 993 759 in
1007 698 1239 776 funereHetcnlis

211 832 214 838 .
279 788 416 858 strazze,
437 781 476 844 (J
492 801 583 845 catera
599 782 653 843 illa
668 779 779 852 infinita
795 802 911 842 manus.

288 918 296 927 ”
319 902 445 1017 vidite,
462 941 576 1025 quoto,
598 940 725 1003 notent
748 938 841 1014 vm,
862 938 1018 1020 spestatam
1041 937 1172 1000 homins
1185 938 1237 1000 tm.

279 1023 466 1106 pudentiam.
488 1024 568 1083 Nam
585 1065 595 1096 ‚
616 1041 704 1101 quam
722 1040 825 1082 vocem
842 1017 932 1081 modo
948 1019 983 1078 de
1000 1017 1167 1099 Rhodigini
1182 1019 1237 1080 sen-

278 1105 371 1164 tentia
392 1102 594 1181 imperitorum
616 1102 668 1162 esse
688 1098 828 1161 confeffus
848 1098 916 1172 est,
947 1097 1069 1160 eandem
1090 1118 1168 1161 nunc
1187 1099 1237 1159 mi·

277 1183 357 1244 nime
376 1181 528 1244 barbaram
550 1181 601 1243 effe
621 1178 790 1255 contendit,
809 1179 866 1249 hoc
886 1177 951 1253 est,
972 1198 1039 1238 eam
1059 1177 1115 1239 effe
1135 1179 1241 1258 perita.

277 1281 360 1333 rum3
383 1278 417 1324 ut
433 1260 523 1324 etiam
545 1260 780 1344 praestigiatorem
801 1258 947 1319 interdum
969 1275 1056 1339 agat,
1078 1258 1131 1340 qui
1152 1258 1182 1319 in
1197 1258 1234 1321 lo

278 1341 348 1403 tulis
370 1359 540 1423 proponat,
571 1357 670 1404 utrum
692 1337 819 1404 velitis?
850 1355 1006 1420 utrumque
1034 1355 1136 1401 tamen
1157 1339 1233 1401 suum

278 1421 385 1483 habeat
406 1438 532 1486 certum.
553 1422 610 1484 Dic
630 1421 722 1496 mihi,
742 1418 843 1495 Sardi,
866 1420 968 1481 Roma
989 1438 1027 1480 ne
1047 1418 1167 1480 venales
1181 1417 1233 1481 fiue-

277 1501 337 1562 rint
356 1502 455 1564 Sardi?
478 1501 584 1564 Reae.
604 1502 655 1563 Tu
670 1501 745 1563 redte
761 1500 829 1562 inde
848 1498 991 1579 originem
1014 1498 1115 1572 ducis,
1135 1498 1233 1581 quini·

276 1580 322 1642 hil
343 1582 405 1663 agis
427 1583 579 1664 ingenue,
599 1583 727 1656 omnia,
749 1596 782 1642 ut
803 1579 899 1642 servus
920 1599 1074 1661 nequam.
1096 1577 1144 1640 Ea
1162 1578 1240 1646 euim

276 1660 485 1725 minitatione
508 1662 616 1744 ubique
638 1662 804 1735 Guarinos,
824 1659 991 1740 Gyraldos,
1013 1658 1205 1721 Antimachus
1219 1703 1233 1735 ‚.

276 1740 368 1803 Cetos
390 1741 517 1815 objicis,
545 1757 579 1803 ut
623 1758 752 1880 tossterea
772 1739 848 1801 mihi
871 1739 937 1801 irati
958 1738 1038 1814 fint,
1073 1738 1146 1820 quia
1165 1738 1184 1799 ii
1203 1759 1233 1804 e.

274 1821 411 1882 mnes&
428 1762 630 1897 Atestina,dt
674 1818 755 1880 stenfi
773 1839 845 1882 voce
866 1821 931 1880 sunt
954 1817 1017 1881 ufi.
1048 1818 1105 1880 Sed
1126 1818 1149 1878 ii
1170 1817 1227 1881 Viri

276 1898 359 1972 sunt,
380 1900 490 1981 quique
512 1916 592 1961 tuam
614 1900 697 1961 istam
707 1900 823 1960 inanem
845 1899 1065 1960 assentationem
1087 1896 1226 1961 facilesen-

276 1978 375 2053 tiunt,
396 1977 478 2040 &ut
495 1979 615 2060 ingenui
631 1980 697 2039 Viri
715 1998 781 2040 eam
797 1978 866 2040 odio
883 1978 1008 2041 habent.
1027 1979 1059 2040 Si
1077 1994 1175 2040 tamen
1188 1977 1225 2039 isti

275 2057 425 2121 sententia
446 2078 517 2120 meae
542 2079 603 2122 non
626 2059 833 2136 consentient,
862 2058 1051 2136 Quintiliano
1074 2074 1110 2123 ut
1126 2057 1225 2122 consen

277 2138 371 2217 tiant,
393 2140 498 2201 necesse
519 2139 592 2227 erit.

315 2382 415 2466 ‚Quare
443 2405 532 2444 novos
551 2375 597 2446 bic
616 2382 717 2462 Censor
733 2399 834 2466 potare
854 2379 998 2457 debebat,
1027 2383 1101 2462 qnid
1120 2381 1226 2445 aniam

270 2464 380 2540 pollet,
403 2461 434 2536 st
454 2464 576 2544 impostor
600 2465 728 2545 aliquis,
757 2481 807 2525 aut
831 2463 987 2523 malevolus
1010 2462 1137 2543 Princioi
1157 2462 1227 2539 nolbo

272 2537 458 2620 bamaniffimo
474 2545 609 2624 grandem
629 2547 719 2608 dicam
747 2568 780 2604 ex
800 2562 908 2603 mutata
928 2544 1087 2621 cognatione
1108 2543 1226 2632 impinge·

273 2637 331 2710 tet,
349 2622 375 2680 ei
384 2623 468 2699 frans
482 2624 580 2703 aliqua
588 2622 684 2707 fieret„
705 2646 762 2705 qna
778 2622 978 2702 osoribus&
988 2619 1062 2696 fibi,
1085 2622 1125 2684 (Ψ
1144 2626 1225 2698 ΜΨ·

274 2697 350 2756 nbus
366 2702 483 2777 conceffis
499 2705 631 2781 caderet,
655 2703 686 2778 ſs
697 2704 858 2781 Atestium,
880 2727 932 2763 non
947 2702 1084 2779 Estensem
1099 2699 1226 2782 fiappele

274 2776 343 2848 laret
359 2800 372 2848 ,·
400 2802 461 2935 aym
479 2780 604 2860 tabula,
624 2785 737 2866 ejusque
761 2784 918 2864 Privilegia
933 2783 1072 2862 Atestinm
1099 2800 1224 2864 cognom

274 2879 328 2917 non
346 2879 415 2938 agno
429 2877 512 2921 cant.

309 3019 421 3081 Totam
442 3020 517 3085 hanc
538 3039 668 3102 partem,
688 3023 819 3087 Praefeai
843 3027 926 3099 Viri,
948 3045 1013 3108 qua
1036 3026 1161 3087 omnino
1174 3021 1226 3084 ine·

273 3099 401 3179 ptiffima
422 3102 477 3178 est,
497 3103 662 3166 aGuatino
684 3105 823 3186 sumpfit.
848 3107 924 3168 Vult
945 3107 1023 3167 enim
1045 3106 1077 3167 ἃ
1102 3105 1158 3185 ipse
1178 3103 1225 3164 hoc

273 3179 364 3241 modo
383 3182 472 3254 jocari
493 3184 525 3245 in
544 3184 657 3246 Catulli
678 3183 910 3266 Epigrammatis
940 3185 1054 3248 secundi
1085 3182 1226 3265 expofitio·

271 3278 310 3320 ne
338 3261 471 3324 adversus
492 3265 656 3344 quendam,
700 3267 729 3325 ui
752 3265 899 3326 Varinum
916 3285 983 3326 eum
1006 3266 1124 3347 magis,
1144 3281 1247 3345 quam*

276 3339 441 3428 Guarinum
462 3343 607 3421 appellare
628 3343 655 3404 se
676 3284 777 3405 debere
796 3344 1007 3408 contendebat.
1029 3346 1092 3422 Qui
1115 3341 1226 3424 legerit,

275 3418 368 3507 faede
390 3420 516 3481 viderit.
545 3422 598 3485 Sed
617 3423 770 3486 -videamus
786 3469 795 3499 ,
814 3446 904 3507 quam
929 3425 978 3485 iste
1000 3426 1031 3486 in
1054 3426 1108 3487 suo
1130 3425 1184 3485 risu
1203 3420 1227 3482 se

272 3495 339 3584 alns
359 3498 537 3563 irridendum
557 3501 695 3582 praebeat.
716 3505 745 3565 Si
767 3506 810 3567 ita
829 3505 885 3579 est,
910 3506 1081 3567 utnominis
1104 3522 1227 3567 commu

271 3590 383 3665 tatione
403 3578 472 3642 huic
494 3583 626 3644 Familia
648 3600 763 3647 tantum
785 3586 947 3665 periculum
977 3585 1146 3655 afferatur;
1173 3602 1227 3645 non

272 3670 308 3716 tu
330 3656 406 3720 idem
427 3662 523 3724 multo
543 3679 610 3724 ante
630 3667 727 3727 creasti
744 3711 754 3741 ,
774 3687 840 3727 cum
862 3685 926 3726 eam
948 3687 984 3728 ex
1004 3667 1141 3728 Atestina
1161 3663 1225 3725 facis

271 3732 448 3804 Estensem?
469 3745 549 3804 Nam
573 3745 670 3806 Ateste
693 3748 722 3806 Ο
744 3746 870 3826 pidum,
892 3746 923 3808 ἃ
940 3763 1003 3809 tota
1022 3746 1076 3808 illa
1097 3742 1227 3826 penins-

268 3811 323 3896 h,
349 3839 415 3905 qua
435 3821 565 3893 ubertate
593 3825 640 3889 vel
660 3766 790 3889 Siciliam
811 3825 937 3889 insulam
963 3846 1055 3910 prope
1086 3827 1226 3914 fugerat,

154 3958 274 4066 ι
1127 3922 1191 3977 Jure
