3000 4559
313 473 353 548 38
547 467 799 531 BARTHOL.
821 464 989 524 RICCH

269 546 390 616 omnem
410 569 527 632 operam
547 548 643 622 dant,
675 563 708 609 ut
738 545 859 608 domum
887 558 1068 618 accurrant,
1091 554 1184 624 atque
1202 536 1233 601 in

266 633 369 716 primis
389 631 579 692 censeantur.
606 627 749 690 Germani
770 628 850 688 enim
869 623 1059 704 negotiatoris
1081 621 1137 683 esse
1158 619 1233 682 vide·

209 734 210 737 ¹
270 729 337 789 tur,
357 709 408 773 sub
427 710 549 772 lustrum
571 709 691 770 censeri.
713 707 759 767 Te
780 728 874 781 vero,
896 725 963 767 cum
983 706 1015 765 in
1036 701 1129 763 Italia
1150 699 1231 775 esses,

269 809 315 854 tut
337 787 430 853 lustris
452 788 597 862 conditis,
618 787 701 850 nullu
722 803 821 848 tamen
843 785 935 847 lustru
950 783 1068 845 censum
1084 781 1156 856 esse,
1178 800 1235 841 ma·

268 873 384 933 ximum
412 870 527 952 signum
556 868 621 944 est,
650 867 706 929 tibi
734 884 785 928 aut
813 864 931 929 censum·
956 863 1043 925 illum
1064 860 1146 922 nihil
1167 878 1235 941 optat

229 1003 232 1009 .
268 949 367 1026 fuisse,
388 964 439 1012 aut
459 949 480 1010 sr
500 945 574 1023 suit,
596 944 718 1009 omnino
738 946 768 1007 id
790 964 818 1009 tc
835 966 895 1007 non
911 943 1034 1018 curasse,
1056 939 1235 1021 contempsis-

269 1031 317 1106 se,
337 1021 494 1111 sprevisse.
512 1026 684 1118 ⁸Equidem,
706 1027 847 1100 ludices,
870 1042 902 1088 ut
925 1024 1039 1095 dicam,
1061 1021 1144 1112 quod
1165 1018 1233 1081 mihi

204 1141 206 1144 >
270 1110 414 1184 videtur,
436 1128 554 1200 gravius
584 1108 616 1169 in
638 1109 742 1186 Remp.
764 1109 889 1169 nostram
912 1124 977 1165 eum
1000 1101 1161 1164 admittere
1181 1099 1233 1162 exi»

270 1189 375 1263 nimo,
395 1207 448 1269 qui
463 1188 546 1249 nulla
560 1188 657 1268 Lege,
678 1186 818 1268 nulsoque
835 1206 916 1248 more
933 1182 1104 1257 Maiorum,
1125 1181 1173 1244 sed
1189 1200 1236 1264 po·

270 1267 495 1330 tentiffimomm
517 1267 712 1348 quorumdam
733 1267 854 1330 Civium
877 1263 1050 1327 auetoritate
1071 1263 1234 1342 privataiu

266 1347 431 1413 Civitatem
440 1347 564 1409 nostram
575 1341 1091 1428 venireconetur,ejusquebeneficio
1102 1340 1235 1417 uti,acse

270 1447 323 1509 pro
332 1426 407 1490 Cive
428 1427 626 1502 haberivelit,
647 1447 708 1505 quo
718 1428 930 1508 Pyrrhus,quo
940 1423 1089 1497 Brennus,
1133 1425 1234 1493 qura

273 1505 378 1588 nibal,
392 1507 543 1589 caeterique
563 1506 740 1569 infensissimi
761 1505 880 1586 Imperii
892 1502 979 1566 nostri
987 1504 1099 1565 hostes.
1112 1443 1153 1563 ii
1162 1503 1234 1564 enim

274 1587 326 1649 sua
335 1588 460 1662 virtute,
482 1603 512 1647 at
536 1607 570 1649 ue
591 1588 791 1649 extraUtbem
813 1587 845 1647 in
865 1585 995 1646 nostrum
1017 1582 1181 1663 Imperium
1198 1602 1235 1644 at·

273 1687 324 1729 ma
344 1665 500 1746 gerebant3
514 1608 553 1728 sn
576 1687 647 1728 vero
668 1667 756 1742 doio,
776 1666 807 1728 ἃ
827 1664 925 1727 fraude
935 1665 966 1726 in
987 1661 1253 1729 Urbenosiraauss'

275 1746 364 1808 stram
385 1744 529 1807 summam
551 1746 726 1827 dignitatem
751 1746 789 1810 ad
811 1743 1060 1818 labefactandum,
1084 1758 1175 1826 atque
1195 1742 1234 1805 de·

273 1826 443 1906 cipiendum
466 1825 595 1887 adsunt.
624 1827 752 1889 Gravior
768 1871 784 1901 ,
800 1826 944 1905 gravior,
966 1823 1101 1898 Judices,
1124 1821 1235 1887 morbus

271 1904 297 1965 is
321 1905 385 1978 est,
407 1905 459 1985 qui
480 1905 539 1975 jam
560 1905 729 1986 incorpore
750 1906 917 1987 grassatur,
947 1924 1039 1986 quam
1060 1903 1118 1984 qui
1136 1903 1234 1965 catria

272 1983 350 2045 secus
373 1983 509 2061 timetur.
531 1985 600 2061 Hic,
610 1985 657 2048 hic
678 1984 765 2061 sorti,
787 2007 820 2047 ac
842 1984 978 2067 prudenti
999 1983 1151 2045 medicina
1171 1997 1234 2063 epm

272 2061 330 2122 est.
352 2062 407 2124 Ille
428 2079 585 2148 antequam
607 2085 710 2146 corpus
727 2066 866 2142 invadat,
887 2065 982 2129 multa
998 2063 1165 2144 comparari
1183 2061 1236 2144 pos·

272 2141 342 2204 sunt
350 2162 360 2213 3
380 2142 445 2219 hic,
467 2165 533 2207 cum
555 2144 711 2221 invaserit,
725 2146 851 2236 ‚gravius
873 2143 1045 2216 curabitur,
1067 2145 1118 2205 cui
1136 2188 1146 2219 ,
1166 2142 1247 2214 ludi-⁴

270 2241 336 2295 aaa,
357 2242 410 2284 vos
433 2223 486 2286 soli
508 2225 617 2305 optimi
637 2226 741 2287 medici
763 2225 861 2288 vestris
878 2222 1058 2286 santdissnnis
1075 2223 1239 2298 sententiis,

184 2377 189 2387 .
273 2300 369 2381 vestro
391 2301 445 2366 isto
466 2304 624 2387 aequissimo
645 2305 777 2381 indicio,
798 2327 831 2368 ac
852 2326 911 2367 non
933 2305 993 2375 jam
1014 2305 1134 2379 armis,
1157 2319 1236 2394 atqup

154 3916 229 4062 ἱ

260 3572 382 3663 vCivem
399 3575 489 3638 etiam
512 3581 748 3661 appellitabant,
769 3604 829 3644 non
842 3605 910 3674 ‘quo

273 2381 423 2456 exercitu,
446 2400 497 2447 aut
519 2385 636 2459 vestra,
657 2388 877 2467 vestrorumque
899 2384 1057 2446 liberorum
1079 2383 1152 2446 vitat
1172 2402 1238 2465 pen·

270 2459 339 2523 culo
360 2462 519 2552 prospicere
541 2465 658 2544 potestis
675 2510 682 2525 .
702 2466 839 2527 Retinere
859 2465 952 2545 igitur
972 2465 1003 2532 in
1026 2464 1176 2545 dignitate
1195 2462 1237 2525 sua

270 2539 496 2621 Rempubhcam
519 2544 642 2604 vestram
660 2589 670 2619 ,
686 2561 774 2684 attpue
797 2546 829 2606 in
849 2544 1010 2625 Republica
1030 2545 1127 2607 vestra
1147 2543 1236 2624 digni·

270 2633 373 2709 tatem¹
385 2620 482 2682 suam.
505 2622 632 2685 Fortasse
653 2624 707 2686 hoc
743 2646 797 2686 oco
814 2624 848 2686 de
865 2645 912 2700 me
927 2625 1061 2706 quateris
1078 2668 1088 2699 ,
1110 2623 1239 2696 Iudices,

270 2697 345 2838 gurd
365 2697 437 2760 illud
458 2701 511 2775 sit,
534 2703 613 2783 quud
633 2703 680 2764 hic
702 2720 748 2766 tot
769 2724 861 2766 annos
883 2708 937 2785 pro
957 2704 1033 2765 Cive
1049 2703 1169 2766 habitus
1184 2701 1238 2773 ests¹

289 2797 307 2865 e
327 2797 408 2867 more
432 2779 630 2843 haereditatem
652 2782 772 2846 adivit?
803 2786 975 2846 testamenta·
994 2781 1061 2846 secit
1081 2781 1098 2844 d
1124 2783 1157 2844 in
1169 2788 1237 2855 ,ara-

271 2875 367 2932 rium,
389 2878 419 2918 m
440 2857 584 2922 beneficiis
606 2861 716 2924 delatus
740 2862 801 2924 est?
823 2864 889 2944 Ego
912 2863 1177 2938 dicam,Judices,
1196 2861 1239 2936 id,

269 2935 350 3076 {uod
372 2936 452 3027 spero
473 2959 526 3000 vos
547 2961 664 3031 quoque
684 2942 948 3024 comprobaturus.
976 2942 1056 3006 Cum
1077 2943 1127 3007 hic
1152 2941 1237 3004 adole·

298 3035 348 3106 ens
368 3016 447 3107 satis⁸
459 3017 536 3080 hona
558 3021 674 3095 rndole‚
698 3043 758 3084 non
778 3023 904 3103 pessimis
922 3023 1046 3089 versibus
1069 3023 1102 3084 in
1122 3023 1238 3085 Italiam

266 3112 351 3161 venit
366 3141 381 3175 ,‚
403 3117 533 3179 primunr
555 3101 718 3164 universam
739 3104 923 3166 maritimam
942 3125 1024 3166 ora-m
1045 3103 1132 3165 illam
1150 3146 1161 3179 ‚
1180 3118 1237 3188 qut

272 3194 387 3266 magna·
403 3178 516 3268 Gracia
535 3179 665 3257 dicitur„
680 3183 760 3265 quasi
782 3185 911 3265 Patriam
933 3185 1056 3247 alteram
1078 3184 1178 3245 amice
1196 3201 1239 3265 pc·

272 3273 420 3346 regiain,
441 3279 487 3321 cur
497 3244 551 3323 sua
559 3263 642 3342 genti
658 3261 770 3327 saccum
781 3263 832 3326 sua
849 3265 914 3345 lyra
942 3264 1097 3332 versiculos
1117 3261 1234 3326 fundent

270 3333 407 3425 placuit,
434 3355 469 3406 ut
488 3339 604 3403 nullum
635 3343 815 3424 Oppidum,
843 3343 972 3425 [omnia
993 3345 1074 3407 enirn
1094 3363 1133 3406 eo
1154 3341 1239 3406 mudd

275 3412 393 3494 publice.
410 3436 514 3478 canens
536 3420 657 3502 obivit]
679 3424 730 3486 iste
759 3423 907 3500 adiverit,
936 3448 954 3487 a
982 3446 1042 3508 quo
1065 3444 1128 3485 non
1151 3423 1243 3485 amica

274 3510 433 3574 acceptae,
461 3513 548 3580 atque
569 3502 658 3563 etiam
679 3503 803 3567 donatus
825 3505 859 3569 sit
870 3546 883 3579 =‚
934 3526 1001 3567 uem
1029 3524 1135 3566 omnes
1158 3505 1236 3567 suun

912 3526 932 3646 d
952 3586 1012 3648 ulla
1031 3584 1171 3647 Ciuitate
1190 3602 1237 3646 ao·

274 3673 314 3745 ra
335 3652 458 3719 donatus
481 3659 572 3735 esset,
600 3661 647 3722 sed
668 3663 773 3725 vetetis
794 3679 930 3739 ratione,
961 3667 1014 3746 qui
1035 3684 1140 3726 omnes
1163 3665 1243 3728 Gra·-

275 3754 351 3797 eram
372 3754 500 3800 veterem
519 3760 707 3807 communem
727 3743 855 3811 Patriam
876 3744 1032 3822 haberent,
1053 3745 1124 3813 iude
1145 3766 1168 3808 a·
1184 3743 1244 3811 sitit·

277 3815 391 3893 Gracia
407 3817 542 3893 amnibus
562 3819 651 3894 cin'n
667 3821 708 3892 est
730 3821 895 3904 appellatus
908 3869 921 3891 a
945 3826 1069 3894 Nmsl
1090 3823 1106 3907 [
1121 3821 1242 3918 11ῒρΡή-

1162 3925 1204 3980 Β·
1226 3973 1228 3976 ,
