3000 4559
337 488 487 629 tibiam
504 482 634 707 etipsud
641 478 865 626 ‘bulicTFIbrb'iba
880 478 1009 625 aldrmenC
1015 478 1076 633 bins
1095 561 1207 623 virtute
1224 603 1233 637 ,
1257 568 1307 624 aut

340 664 376 705 ex
392 647 533 725 Principis
571 645 605 705 lii
632 644 755 724 Nuptiis
770 643 887 706 accedat
911 643 1089 723 Imperium,
1110 661 1148 702 ne
1169 643 1308 702 extentio

336 722 393 786 illo
423 727 529 806 Regno
560 745 702 805 magnum
731 723 891 804 periculum
921 723 979 797 fit,
1011 723 1084 805 quin
1107 742 1173 782 eam
1216 741 1306 803 uoque

338 801 510 884 Chimpram
533 803 656 864 efficias.
676 803 731 865 Sed
751 801 861 884 profer,
885 823 971 884 puer,
993 822 1114 862 manum
1137 801 1175 862 ob
1194 741 1306 862 boletis·

341 904 448 948 mum.
478 883 558 959 Quid
578 884 658 943 enim
679 885 719 946 est
739 883 826 957 Acesti
846 885 981 964 Oppidi?
1012 884 1096 942 Num
1118 879 1236 942 fortaffe
1256 901 1309 941 una

343 964 385 1026 est
405 963 518 1027 dicendi
540 961 636 1025 forma
656 982 691 1023 ex
710 965 769 1024 tuis
788 963 894 1023 Atticis
913 961 1114 1034 Atticiiiimis,
1137 958 1243 1042 quibus
1258 959 1308 1020 Hi-

342 1043 431 1106 storia
449 1059 516 1117 rua,
533 1062 623 1124 quam
641 1042 856 1123 saepiusiaiias,
871 1040 1040 1103 omataest?
1059 1043 1108 1102 An
1126 1060 1162 1100 ex
1180 1040 1238 1112 iis,
1253 1039 1312 1122 qui·

345 1123 399 1186 bus
421 1122 558 1183 Studiofis
581 1138 609 1184 te
632 1139 748 1184 rantum
771 1120 954 1202 proditurum
971 1121 1137 1202 polliceris?
1159 1120 1189 1181 Si
1201 1119 1244 1181 ita
1259 1119 1309 1192 est,

344 1223 389 1265 nae
411 1202 463 1264 illa
484 1201 707 1282 splendidissime
727 1203 784 1264 erit
805 1202 858 1264 scri
881 1217 936 1272 ta3
969 1203 990 1261 ii
1013 1221 1082 1263 vero
1103 1198 1159 1262 ribi
1180 1199 1208 1260 se
1227 1243 1237 1272 ,
1259 1197 1311 1258 sua

346 1303 404 1365 que
423 1283 523 1344 omnia
543 1282 574 1343 in
597 1298 768 1364 perpetuum
789 1296 824 1343 ut
866 1281 987 1360 ebeant,
1008 1279 1115 1341 necesse
1133 1281 1190 1341 est.
1210 1279 1242 1338 0
1257 1277 1311 1338 bar·

345 1361 506 1436 bariffime,
527 1381 593 1453 quae
614 1361 781 1433 conjuretis>
802 1361 842 1422 est
864 1362 966 1423 harum
990 1361 1114 1422 duarum
1136 1355 1264 1420 vocum?
1285 1355 1309 1416 si

347 1443 438 1520 Ateste
459 1442 584 1503 ablativi
604 1443 644 1503 est
664 1442 762 1517 casus,
781 1441 932 1532 quomodo
949 1440 1089 1502 convenit
1106 1459 1174 1502 cum
1194 1437 1308 1518 Oppidi?

347 1523 409 1585 Cur
430 1544 506 1598 non,
528 1538 562 1583 ur
584 1522 726 1583 Horatius
746 1521 847 1595 dixit,
868 1521 995 1597 Praenejie
1015 1520 1123 1598 relegi?
1144 1534 1199 1579 aut
1219 1517 1308 1578 laltem

347 1605 378 1664 in
395 1603 505 1684 Oppido
526 1600 641 1679 Ateste,
662 1619 695 1663 ur
716 1603 746 1661 in
769 1599 839 1662 Urbe
859 1599 974 1660 Roma?
1002 1600 1081 1676 Quia
1103 1598 1149 1660 sus
1172 1617 1223 1672 es,
1244 1596 1310 1658 &in

351 1681 417 1743 luto
437 1682 547 1763 semper
576 1681 771 1745 volutabere.
800 1681 919 1760 Porrige
950 1699 1021 1741 vero
1042 1679 1168 1740 alteram
1192 1676 1230 1739 ob
1247 1676 1307 1738 alre·

349 1781 416 1822 rum
435 1760 645 1822 soloecismum.
666 1759 897 1834 Ohi,ohi,hei.
919 1761 981 1819 Ohi
994 1759 1065 1834 tibi,
1085 1760 1140 1840 qui
1162 1773 1224 1818 ram
1240 1756 1309 1817 senex

349 1860 405 1908 es,
435 1839 466 1899 ἃ
486 1839 646 1900 nonduml
688 1841 719 1900 ui
739 1839 879 1901 didicisti.
908 1840 1070 1900 Dicendum
1093 1839 1175 1898 enim
1198 1835 1248 1898 ribi
1266 1833 1312 1917 fuit

347 1916 468 1978 habenas
488 1919 595 1999 Oppidi
613 1859 734 1995 Abbir,
751 1939 812 1979 non
832 1936 930 1981 autem
952 1920 1056 1995 Atesis.
1078 1920 1245 1998 Utramque
1262 1934 1303 1975 ve

255 2061 260 2072 ‚
352 2018 386 2059 ro
402 1997 518 2089 porrige
532 1997 571 2059 ob
586 1999 695 2060 malam
713 1999 932 2079 metaphoram.
950 2001 1006 2060 Dic
1024 2000 1119 2074 mihi,
1137 1995 1219 2059 fatue
1231 2041 1240 2072 ,
1252 1991 1310 2076 quid

349 2076 392 2138 est
412 2076 521 2158 oppidi
540 2077 660 2138 habenas
680 2079 839 2139 moderari?
861 2081 944 2140 Num
965 2081 1109 2141 continuo
1129 2076 1245 2138 Poetica
1262 2093 1310 2134 ma·
1346 2112 1351 2129 r

352 2157 425 2238 gis,
455 2176 546 2239 quam
568 2159 709 2220 Oratoria·
729 2159 769 2220 est
789 2158 901 2220 dicendi
923 2159 1016 2241 figura
1038 2157 1049 2218 ἓ
1069 2179 1163 2242 quam
1187 2157 1207 2218 sl
1227 2173 1309 2219 ramea
1342 2154 1351 2213 i

352 2239 462 2299 Orator
483 2237 621 2318 usurpet,
641 2259 804 2321 numquam
825 2239 901 2300 dicet
922 2240 1028 2320 Oppidi
1047 2237 1199 2314 habenas,
1225 2252 1309 2319 quem·
1337 2233 1350 2294 i

352 2315 510 2378 admodum
533 2339 585 2380 nec
606 2317 692 2380 Urbis
712 2340 721 2391 3
742 2319 787 2381 sed
810 2319 957 2399 Imperii,
979 2318 1024 2380 sed
1047 2320 1168 2400 Regni,
1192 2317 1236 2380 sed
1255 2314 1309 2378 Rei·
1334 2332 1351 2392 tr

353 2396 475 2479 publica
498 2397 529 2459 &
549 2399 580 2458 in
608 2399 715 2461 caeteris
745 2397 907 2459 similibus.
937 2400 1056 2480 Vapula
1090 2402 1184 2480 igitur
1210 2396 1308 2477 sapius,
1332 2412 1351 2469 pr

354 2476 499 2538 verbero.
529 2478 641 2538 Verum
663 2478 745 2540 tuber
766 2496 863 2540 totum
883 2496 970 2559 eaput
994 2479 1046 2541 tibi
1068 2480 1214 2552 reddam,
1239 2492 1307 2556 opor·
1329 2477 1351 2547 ir·

354 2556 491 2630 tet,srob
512 2557 624 2638 singula
645 2575 739 2619 errata
770 2558 881 2638 fingula
903 2559 956 2620 tibi
975 2576 1093 2620 tantum
1116 2557 1235 2641 infigam
1255 2572 1307 2616 ver·
1329 2570 1351 2636 tq

355 2635 438 2696 beta.
460 2635 515 2695 Dic
532 2637 604 2696 item
622 2637 715 2711 mihi,
760 2637 808 2698 uid
826 2638 866 2698 est
882 2638 1067 2718 Privileginm
1088 2638 1168 2719 apud
1185 2629 1306 2700 Latinos?
1328 2648 1351 2709 {rr

354 2712 437 2786 Quid
447 2713 518 2773 irem
539 2715 703 2794 Imperator?
757 2738 796 2776 on
819 2717 941 2778 alterum
953 2720 1033 2792 Lex,
1052 2739 1120 2801 quat
1139 2718 1189 2780 uni
1207 2730 1305 2776 rantum
1328 2722 1347 2788 r,

358 2808 461 2872 rogata
475 2792 534 2867 srr,
563 2814 598 2853 ne
620 2793 690 2874 quid
711 2796 737 2854 ei
759 2796 874 2871 liceat,
900 2818 991 2879 quam
1012 2814 1044 2859 ru
1066 2814 1173 2859 eontra
1191 2795 1305 2876 vulgares
1328 2797 1351 2861 ‚ui

357 2887 428 2960 tuos
445 2869 555 2932 secutus
577 2893 726 2953 perperam
748 2875 864 2955 usurpas
884 2875 893 2937 ?
914 2878 1037 2939 aiterum
1060 2898 1159 2953 vero,
1180 2876 1228 2958 qui
1247 2890 1306 2935 eret
1329 2864 1351 2954 {op

356 2967 429 3011 ertur
452 2949 561 3031 praesrr?
583 2952 645 3013 Cur
664 2975 724 3014 non
746 2955 868 3031 Latine,
890 2959 942 3038 qui
960 2958 1163 3018 Latiniffimus
1181 2976 1228 3030 es,
1247 2954 1305 3012 hunt

356 3029 489 3107 cesarem
510 3032 675 3113 appellasti,
695 3033 768 3094 illud
791 3055 860 3096 vero
881 3037 1031 3118 Deploma?
1053 3037 1101 3098 vel
1124 3038 1186 3111 ita,
1206 3056 1260 3114 qne
1274 3051 1305 3088 nt

356 3111 406 3190 piri
421 3112 577 3202 Privilegia
594 3114 717 3173 dicunt?
740 3114 811 3196 quia
831 3131 909 3179 totus
932 3136 960 3178 es
981 3115 1142 3193 barbarus,
1165 3133 1252 3197 neque
1270 3128 1306 3170 uu

359 3211 450 3277 quam
472 3194 594 3253 Latinus
618 3191 684 3256 fies,
1335 3188 1344 3229 ἵ·

399 3354 458 3413 Nec
472 3353 502 3412 in
519 3354 655 3432 Acessino,
670 3355 824 3437 Eflenstque
839 3359 991 3439 cognomine
1001 3359 1042 3435 stc
1057 3376 1166 3422 mutato
1181 3380 1224 3419 mc
1237 3345 1308 3430 mab!

358 3428 490 3507 arbitror,
505 3434 641 3509 scribente
661 3438 799 3498 Horatio:

440 3514 539 3570 Multa
559 3513 743 3592 renascentur,
765 3539 824 3596 quae
842 3519 903 3598 jam
923 3518 1064 3594 cecidere,
1086 3523 1257 3600 cadentque,

443 3591 517 3669 ‚Qua
538 3615 610 3655 nunc
623 3595 693 3676 sapt
711 3596 741 3656 in
762 3598 855 3655 bonore
874 3598 1027 3673 uocabula,
1045 3598 1077 3674 st
1093 3603 1173 3659 volet
1192 3599 1269 3678 usus,

444 3672 538 3750 Quem
553 3687 637 3751 penes
656 3672 799 3735 arbitrium
815 3677 915 3753 effi&
924 3679 988 3755 jus,
1008 3677 1048 3739 Θ
1069 3703 1168 3740 norma
1188 3668 1306 3759 loquendi·

247 3873 250 3881 .
402 3827 499 3891 Totus
521 3827 572 3893 iste
591 3830 697 3917 ubique
718 3855 794 3898 error
815 3836 871 3912 est,
895 3836 1033 3920 utsupra
1055 3840 1149 3904 eriam
1172 3831 1305 3907 videbaris·

217 3906 323 4067 r
