3000 4559
249 527 351 621 Urbis
370 529 485 612 angulis
501 451 669 623 pogtiRsuipqt
683 452 979 626 fngqgeffiasilla
994 470 1226 605 semuniiiiul-

259 625 377 700 quitate
401 608 438 672 ad
462 610 556 674 ullum
580 613 686 674 cultius
710 610 850 694 loquendo
872 631 963 704 genus
980 632 1107 698 unquam
1126 620 1223 684 trudu-

262 689 1227 849 ll‘ff‘l‘llu{llllllrl'tulu'll‘fllllllt

260 846 369 933 Itaque
387 870 454 913 eum
479 850 505 912 ei
528 850 683 914 dicendum
706 851 876 929 accideret,
894 854 1089 937 guarlengum,
1116 854 1225 920 oblitus

259 948 354 1015 quam
413 930 527 994 rsonam
554 947 655 1014 ageret
675 933 709 994 in·
732 931 916 1008 scribendo,
944 933 995 997 sua
1020 953 1097 997 voce
1120 955 1226 1000 manca

260 1009 329 1077 usus
348 1030 363 1073 e
408 1013 588 1093 vadagnare.
605 1010 818 1075 Hanceandem
827 1014 953 1087 literam
967 1013 1144 1096 ginterdum
1165 1017 1228 1079 inu

261 1088 311 1153 illi
333 1090 384 1171 ipsr
405 1091 513 1154 Veneti
534 1107 734 1155 commutant.
755 1095 837 1156 Nam
857 1091 909 1158 ubi
929 1095 1025 1158 eaeteti
1044 1096 1163 1178 Agoflo,
1179 1095 1229 1160 isti

258 1170 364 1248 Apollo
385 1169 435 1233 sua
448 1171 556 1262 ⁸lingua
577 1170 753 1253 proferunt:
778 1194 841 1257 qua
857 1192 930 1238 voce
951 1174 1003 1236 ille
1023 1194 1144 1316 quotpue
1160 1175 1229 1240 usus

1177 1277 1228 1320 me

260 1247 321 1323 esl5
342 1269 410 1312 cum
428 1266 470 1314 art
491 1252 524 1314 itt
544 1251 602 1314 hac
625 1251 710 1334 ipsa,
731 1253 814 1316 &in
835 1274 898 1327 ea,
922 1275 1015 1338 quam
1033 1255 1073 1316 ad
1102 1276 1155 1318 ea

257 1326 402 1416 scriptam.
416 1331 471 1392 else
490 1329 576 1414 fingit
592 1375 606 1407 ‚.
631 1331 774 1413 epillola;
794 1332 847 1394 alli
868 1335 981 1396 XXVII.
999 1332 1100 1413 Aoosto
1115 1379 1128 1396 0
1151 1337 1230 1476 {uz

259 1410 353 1485 tatio,
379 1411 534 1492 Princepsr
549 1431 587 1474 eo
604 1412 758 1553 pertinet,
777 1429 835 1488 ut,
856 1433 925 1475 cum·
946 1414 996 1476 isle
1017 1413 1152 1477 Venetus·
1193 1431 1228 1491 t,

248 1488 356 1553 'noller
378 1506 477 1552 autem
498 1493 602 1575 Neapo
619 1493 733 1569 tanus,
750 1492 936 1556 verismrilius
960 1492 1013 1554 else
1029 1493 1156 1568 constet,
1173 1512 1222 1555 eae

252 1567 363 1641 ¹literas
382 1590 402 1630 a
421 1571 536 1634 Veneto
552 1613 565 1647 ,-
592 1591 685 1654 quam·
711 1593 732 1634 a
749 1571 969 1655 Neapolitano,
984 1571 1019 1634 &
1038 1569 1089 1634 scri
1111 1587 1156 1635 tas
1182 1573 1228 1634 es-

259 1647 285 1713 se
304 1693 316 1723 ,
350 1648 381 1710 &
400 1649 546 1712 dinatus.
567 1652 610 1714 At
628 1653 672 1714 ita
694 1652 796 1715 dedita
814 1672 905 1735 opera
923 1653 1043 1716 locutus
1059 1672 1075 1714 e
1113 1653 1225 1716 ‚Nea-

257 1728 410 1810 politanus
434 1774 448 1805 ,.
473 1731 526 1858 (pul
555 1731 606 1794 sua
630 1751 723 1794 manu
750 1749 913 1811 uteretur,
936 1732 991 1797 sua
1013 1732 1089 1796 item
1116 1732 1222 1817 lingua

259 1826 321 1871 non
344 1825 492 1900 uteretur.
518 1811 600 1888 Quid·
618 1811 652 1875 io
669 1811 738 1876 esset
764 1812 911 1890 artificii,
929 1812 1005 1898 quid
1021 1812 1166 1892 confilii,
1192 1834 1226 1877 e·-

260 1907 300 1970 go
320 1887 440 1975 nescroj.
465 1889 497 1954 Is
517 1890 548 1952 io
566 1890 674 1968 dicat,
691 1891 712 1954 st
731 1891 809 1958 sorte
826 1894 897 1978 quid
917 1892 1140 1957 hallucinatur.
1163 1893 1221 1957 Sed

260 1965 337 2031 nihil
366 1966 478 2035 habet.
503 1971 570 2044 Jam
598 1972 777 2036 conscientia
798 1974 893 2058 premi
918 1989 1034 2066 coeptus
1060 1974 1101 2036 est
1123 2017 1138 2048 ‚
1161 1973 1223 2045 jam

253 2048 382 2112 tacendo
402 2049 486 2113 fateri
506 2050 627 2132 incipit.
646 2054 690 2114 At
709 2073 725 2114 e
746 2075 768 2116 0
786 2054 904 2128 habeo,
924 2073 977 2145 qur·
996 2072 1058 2116 rem
1080 2052 1157 2114 hanc
1178 2069 1224 2115 to·

256 2138 323 2191 tam
344 2128 399 2192 tibi
419 2130 509 2211 longe
516 2129 639 2270 planius
661 2074 840 2195 absolvam.
864 2133 948 2195 Audr
966 2131 1079 2212 igitur.
1101 2130 1147 2190 Ad
1169 2130 1223 2192 ha·

253 2222 323 2271 nrm
343 2206 497 2271 ambarum
538 2227 604 2270 nem
624 2210 665 2272 est
690 2206 732 2271 irn
770 2212 897 2272 titutum
922 2210 1078 2272 hominum
1106 2206 1225 2270 dicendi

254 2285 361 2350 modus
379 2309 389 2360 ;
409 2311 458 2349 nec
477 2287 565 2348 alin.
584 2286 653 2370 Hoc
672 2308 721 2349 mo
743 2310 765 2351 o
781 2289 873 2350 etiarn
893 2287 1029 2369 scriptum
1046 2328 1059 2346 a
1075 2286 1140 2360 Qui·
1158 2285 1224 2349 lite·

256 2380 355 2430 tarum
376 2366 471 2429 exitus
493 2385 561 2428 cum
576 2366 738 2428 nollrarum
756 2366 907 2428 literarum·
918 2366 999 2429 exitu
1015 2364 1138 2427 minime
1153 2384 1224 2428 con·

258 2443 349 2509 sentit
365 2487 377 2506 .
401 2447 522 2522 Quaeras
541 2446 622 2508 enim
650 2445 717 2508 licet
736 2464 773 2508 ex
792 2445 930 2509 omnibuo
948 2442 1055 2508 uollrio
1072 2443 1168 2507 literis
1185 2444 1224 2506 ad

256 2539 437 2617 mercatores
455 2525 616 2601 Venetiae„
637 2528 786 2603 Romam,
803 2526 984 2608 Neapolim,
999 2525 1181 2600 ferrariam,
1203 2523 1226 2586 li

256 2623 292 2669 tn
312 2605 384 2668 ullis·
401 2624 466 2668 eam
492 2605 606 2671 dicendi
626 2605 753 2669 sormam
778 2607 942 2690 repererit,
964 2603 1228 2688 sateormeaoha·

258 2682 305 2747 sce
326 2685 422 2749 literas
443 2686 515 2758 elle;
534 2686 620 2750 litem
640 2686 728 2760 cedo;
749 2686 840 2751 securi
858 2688 1001 2752 cervicem
1018 2707 1119 2748 meam:
1138 2685 1155 2748 s
1170 2706 1224 2749 on·

260 2776 291 2827 te
312 2764 419 2856 subdo·
438 2766 520 2846 Quid
538 2788 609 2831 vero
628 2767 651 2830 fi
671 2789 728 2851 ego
746 2785 851 2833 contra·
867 2768 947 2832 illius
967 2768 1002 2830 in
1020 2767 1112 2830 literis
1128 2706 1223 2831 oflen-

258 2842 357 2918 dam,
382 2844 468 2908 illum
494 2868 561 2910 eam
587 2847 725 2911 scribendi
745 2846 985 2913 cousuetudinem·
1001 2846 1112 2910 allidue
1128 2845 1223 2912 serva-

260 2933 309 2987 re?
333 2923 430 2986 nullas-
449 2926 535 2996 hujus
555 2927 656 2991 literas
674 2930 733 2992 hon
750 2927 814 2991 fine
830 2945 890 2990 non
906 2927 1084 2990 terminarit
1112 2928 1223 2988 Nonne

259 3004 400 3067 continuo
420 3003 453 3065 in
472 3005 569 3068 uollra
588 3027 680 3070 manu
700 3006 786 3079 huius
805 3007 895 3070 rerba
918 3006 1110 3088 agnoscentur
1124 3003 1140 3062 l·
1166 3006 1223 3065 Le-

263 3104 297 3224 pe
318 3102 352 3148 tu
372 3081 470 3165 palam
491 3084 594 3147 harum
609 3102 720 3165 partem
736 3107 802 3147 eam
822 3087 992 3148 literarum*
1008 3083 1159 3143 merlo
1171 3083 1229 3142 LI·-

292 3167 469 3226 ERARUM
481 3208 490 3224 ,
517 3158 604 3227 NEC
625 3162 752 3225 ALIA,
777 3165 859 3246 Lege
883 3165 958 3225 item
985 3161 1091 3223 harum
1108 3176 1224 3242 partem

264 3244 404 3322 eandem,
426 3243 512 3307 NEC
534 3244 655 3307 ALIA·
675 3241 1088 3306 Viderinomnibuseundem
1108 3239 1225 3306 dicendi

266 3326 384 3388 morsum
405 3323 491 3388 NEC
512 3324 630 3396 ALIA3
649 3323 684 3385 in
698 3323 772 3386 meio
790 3340 889 3386 autem
902 3321 1021 3385 nullum
1035 3320 1163 3403 positum⁴
1181 3318 1226 3382 es·

267 3403 311 3469 se.
329 3407 438 3468 Utrum
459 3405 549 3468 modo
568 3405 600 3467 id
619 3400 802 3468 verifimilius
818 3402 874 3479 sit,
892 3422 933 3465 un
950 3423 1005 3485 ego
1021 3419 1088 3463 eam·
1107 3399 1223 3493 dicendi

266 3481 393 3550 sormam
414 3485 543 3548 alienam
569 3484 603 3548 in
631 3504 713 3547 meao
730 3485 827 3546 literas
849 3482 1085 3558 introduxerim,
1115 3501 1161 3544 au·
1175 3479 1226 3543 illu

264 3583 361 3629 meam
380 3584 502 3629 manum
522 3565 701 3648 effingenti,
727 3584 823 3657 nequo
840 3563 885 3626 sui
906 3559 997 3626 totius
1021 3559 1137 3638 oblito,
1160 3562 1225 3623 hac

264 3663 323 3709 uox
341 3643 521 3722 familiaris,
542 3668 575 3709 ac
596 3647 685 3709 etiam
707 3665 757 3728 per
777 3642 1001 3727 imprudentiam
1023 3639 1225 3706 inscribendo

264 3723 435 3808 irrepserit?
462 3725 549 3788 Certe
569 3726 717 3790 literarum
736 3723 840 3789 sormae'
865 3723 1035 3807 scripturam
1053 3740 1151 3786 meam
1169 3721 1226 3782 ali·

262 3823 324 3887 qua
343 3825 379 3868 ex
407 3822 492 3890 parte
519 3806 700 3883 imitantur,
726 3807 817 3871 verba
840 3824 914 3870 vero
940 3821 995 3868 tua
1019 3804 1132 3886 prorsus
1151 3798 1226 3871 esse,

1099 3875 1177 3959 ipsa,
1296 3898 1351 4058 Ι
