3000 4559
538 468 794 532 BARTHOL
821 465 986 529 niceri

273 550 459 616 condonasti.
499 552 567 625 Qua
588 569 646 610 una
667 550 720 612 ista
741 567 792 610 tua
812 548 968 628 multiplici
988 546 1146 608 clementia
1164 545 1234 629 quid

273 631 387 705 majus,
406 628 478 711 quid
496 627 643 710 amplius?
663 628 733 710 quid
750 627 983 709 magnificentius
1007 625 1234 708 excogitatipos·

274 710 342 788 sit,
370 731 430 771 non
452 707 563 770 uideo⁴
592 708 714 790 Singula
744 711 824 770 enim
845 707 929 777 hujus
959 706 1063 768 scelera
1086 706 1235 767 hominem

276 790 382 851 mortis
403 787 528 862 cuiusvis
550 788 763 851 immaniffimae
784 808 867 851 reum
887 784 1019 849 efficiunt
1036 808 1045 856 3
1070 787 1123 847 Tu
1139 801 1233 847 tamen

275 871 381 930 omnia
400 868 434 930 in
454 888 515 929 uno
533 867 697 941 absolvisti,
717 883 807 951 atque
829 863 983 942 remisisti,
1004 884 1038 928 ut
1059 864 1091 926 in
1107 885 1168 926 una
1188 883 1232 928 tua

276 946 473 1010 misericordia
501 949 588 1008 toties
607 948 654 1013 isti
678 949 773 1009 viram
801 947 993 1020 concesseris,
1015 946 1131 1027 quoties
1163 945 1232 1008 isin

278 1043 362 1090 tuam
384 1029 414 1089 ἂ
433 1027 568 1089 scelerate
586 1027 748 1108 cogitarit,
770 1028 801 1090 dc
818 1026 925 1088 nefarie
941 1026 1031 1087 etiam
1045 1027 1166 1107 egerit.
1185 1027 1231 1088 Di·

273 1106 303 1167 ci
325 1107 414 1181 solet,
435 1107 583 1190 Princeps,
601 1107 713 1172 nullam
735 1124 848 1168 tantam
859 1106 950 1167 animi
973 1105 1230 1185 placabilitatema

274 1206 336 1268 quo
359 1206 426 1256 uam
446 1186 618 1248 amicissimo
639 1184 845 1266 erpeslandam
867 1188 935 1261 esse,
958 1203 1048 1266 quam
1070 1205 1135 1267 qua
1153 1206 1170 1246 a
1186 1187 1230 1247 Pa·

273 1207 404 1328 centbus
423 1265 608 1347 expellatur.
628 1267 737 1327 Utrum
756 1284 857 1327 autem
877 1265 929 1326 iste
945 1280 990 1326 tot
1010 1265 1067 1325 suis
1087 1264 1228 1326 sceleribus

275 1345 447 1408 Parentibus
469 1344 533 1425 usus
552 1346 619 1408 esset
640 1345 891 1418 clementioribus,
913 1364 1002 1426 quarn
1023 1345 1088 1419 Te,
1108 1344 1140 1404 in
1149 1360 1229 1426 quern

274 1427 319 1488 ita
339 1425 475 1501 saevisset,
496 1426 536 1488 est
553 1424 638 1497 usus,
658 1425 691 1485 in
708 1425 820 1487 incerto
841 1423 1031 1513 relinquitur,
1053 1440 1087 1486 ut
1104 1423 1227 1485 etiamin

274 1503 485 1568 immanissimo
506 1504 585 1567 hoste
605 1507 674 1566 Tuo
696 1505 833 1584 pietatem
853 1505 984 1564 Patriam
1005 1503 1161 1584 superaris.

313 1586 406 1659 Una,
434 1584 595 1665 Princeps,
625 1580 750 1661 benigne
764 1583 887 1646 faciendi
908 1584 983 1645 ratio
1000 1582 1224 1663 prudentissimo·

272 1683 341 1728 rum
357 1665 492 1726 omnium
508 1664 651 1726 sententia
674 1663 715 1724 est
729 1676 767 1726 ex
789 1664 927 1726 maximis
952 1661 1138 1737 virtutibus,
1155 1682 1224 1744 quae·

273 1765 333 1826 que
352 1745 485 1805 homines
507 1743 590 1806 adse
607 1738 765 1814 amandum
785 1744 894 1817 trahit,
913 1757 1020 1823 atque,
1040 1738 1062 1803 si
1080 1760 1144 1824 qua·
1158 1743 1227 1813 alia,

273 1824 357 1904 cogit
372 1824 524 1886 maxime.
553 1823 594 1884 Et
618 1823 695 1887 rede
705 1820 827 1906 quidem
843 1869 850 1882 .
880 1823 960 1897 Quid
984 1823 1064 1884 enim
1079 1818 1227 1884 amabilius

223 1969 226 1974 ,
271 1903 440 1993 est‚·quam
459 1919 512 1965 aut
527 1903 667 1996 pecunia,
686 1920 740 1965 aut
755 1901 877 1977 officio,
900 1922 1002 1969 cumo
1023 1922 1056 1992 us
1073 1901 1114 1963 est
1127 1900 1225 1977 ,mul-

272 1997 321 2046 tos
339 1981 457 2054 iuvare?
480 1983 550 2045 Haec
567 2003 599 2044 in
614 2001 647 2044 te
662 1980 751 2057 dubia
766 1980 903 2054 consilio,
923 1979 955 2042 in
969 1979 1005 2042 af
1032 1981 1078 2042 cla
1093 2000 1152 2061 ope
1167 1980 1228 2042 suos.

271 2080 333 2123 non
349 2059 453 2124 deserit
460 2084 473 2132 ς
493 2063 552 2124 haec
565 2061 668 2126 eadem
684 2063 736 2127 sua
749 2060 851 2143 sponte
867 2061 969 2129 multis
985 2104 994 2136 ‚
1016 2077 1120 2142 rogata
1138 2060 1224 2121 omni·

270 2139 324 2204 bus
340 2141 465 2223 benigne
481 2163 501 2203 o
523 2143 661 2205 itulatnr.
680 2144 743 2218 Qui
753 2163 821 2203 vero
837 2142 912 2202 hanc
920 2157 1051 2202 exercent
1072 2141 1223 2214 virtutem,

268 2163 549 2304 quamabomnibus
563 2240 716 2297 amentur,
736 2241 826 2304 quam
835 2221 1083 2302 colantur‚quarn
1091 2240 1179 2301 prope
1197 2220 1223 2280 in

267 2319 391 2363 numero
408 2301 535 2363 Deorum
556 2303 736 2376 habeantur,
757 2322 818 2365 non
834 2318 907 2380 puto
921 2302 968 2361 Te
984 2301 1149 2381 experiare,
1160 2300 1223 2360 dum

266 2381 384 2453 dicam,
403 2399 505 2443 ornnes
520 2379 623 2444 uident
633 2404 642 2451 3
664 2399 766 2442 omnes
782 2381 957 2472 pradicant3
977 2399 1077 2442 omnes
1093 2380 1223 2441 omnium

267 2460 402 2522 Historia
419 2461 553 2537 docent,
573 2481 639 2543 <quae
653 2460 692 2522 fic
705 2480 757 2523 veos
780 2459 952 2535 illustrant,
973 2460 1066 2542 sicque
1084 2459 1116 2520 in
1136 2459 1225 2522 horni-

266 2558 340 2602 num
354 2556 523 2602 ceterorum
540 2541 698 2615 memoria,
717 2556 807 2621 atque
821 2559 923 2607 ⁴amore
939 2539 1131 2614 conservant,
1153 2539 1223 2602 utin

266 2620 330 2680 dies
362 2618 538 2698 splendidius
553 2622 683 2694 vivant,
711 2638 808 2700 neque
829 2620 894 2688 ulla
908 2638 1049 2702 umquam
1074 2634 1157 2681 aetate
1173 2619 1225 2681 sint

269 2698 434 2759 interituri.
452 2696 550 2768 Huius
567 2699 688 2763 virturis
703 2716 799 2766 coines
817 2739 829 2773 ‚
850 2699 974 2760 &socia
991 2700 1029 2761 est
1045 2700 1222 2761 Clementia.

266 2774 403 2858 Utraque
416 2776 498 2837 enim
516 2777 548 2837 in
562 2775 689 2858 benigne
703 2777 819 2859 agendo
834 2777 981 2841 versatur.
1003 2779 1061 2840 Illa
1078 2780 1111 2839 in
1128 2797 1225 2838 mune·

268 2855 374 2930 ribus,
401 2872 491 2938 :atque
508 2855 638 2930 officiis3
667 2857 727 2920 haec
751 2859 783 2919 in
800 2877 894 2939 poena
920 2858 1100 2920 absolutione
1122 2877 1223 2919 munus

263 2935 350 2996 suurn
366 2952 490 2998 exercet.
510 2933 623 2998 Verum
648 2937 754 3018 srapud
771 2937 927 3000 hominurn
943 2940 1059 3000 animos
1076 2952 1162 3000 tanta
1178 2939 1219 3000 vis

262 3015 305 3076 est
320 3032 494 3086 munerum,
512 3029 653 3098 tantaque
662 3018 852 3098 praestitorum
870 3018 1034 3081 officiorum
1051 3017 1222 3092 annositas,
1265 3030 1266 3037 ’

261 3113 377 3178 quanta
391 3097 446 3156 illa
458 3091 514 3156 esse
530 3095 645 3159 debebit
661 3142 670 3173 ,
691 3115 755 3179 quae
769 3095 886 3160 homini
903 3098 1060 3171 Patriam,
1078 3117 1146 3187 quae
1167 3119 1223 3159 mr·

248 3195 322 3237 *nus
341 3220 350 3250 ,
369 3177 577 3256 quaecum,
596 3195 662 3268 :quae
677 3177 838 3259 linguam,
856 3177 1066 3319 quadenipue
1083 3195 1180 3240 vitam
1199 3179 1221 3238 i·

154 3864 246 4066 ἱ
309 4057 312 4061 ,

260 3257 343 3336 psam
356 3254 525 3331 conservat,
542 3275 577 3318 ac
597 3255 723 3320 retinet?
745 3258 832 3320 Certe
849 3279 904 3341 qur
925 3279 957 3320 m
977 3258 1007 3330 ju
1028 3258 1133 3320 icando
1151 3259 1227 3319 hauc-

266 3335 410 3419 uirtutem
432 3335 551 3396 servarit
570 3358 579 3409 3
606 3337 661 3419 >qui
679 3338 840 3400 misericors
861 3339 947 3409 erit3
975 3339 1027 3420 qui
1044 3338 1219 3418 ignoverit3

258 3413 362 3493 quiin
382 3412 479 3473 danda
498 3415 565 3478 uita
582 3416 758 3479 exorabilem
777 3417 834 3480 sese
849 3415 1005 3499 praebebit3
1028 3418 1052 3478 is
1068 3419 1131 3488 jure
1148 3416 1221 3496 opti·

259 3508 312 3551 mo
331 3488 592 3563 liberalissimorum
618 3498 754 3560 omniurn
774 3495 915 3570 laudem,
941 3515 978 3558 ac
999 3497 1126 3578 gloriam
1146 3497 1220 3558 vice·

258 3571 324 3659 rit.
353 3571 485 3633 Tantum
506 3574 575 3636 item
596 3575 640 3636 est
655 3621 667 3649 ,‚
689 3577 853 3656 Princeps,
878 3576 1032 3638 hominum
1056 3594 1125 3639 cum
1152 3574 1227 3646 judi·

256 3668 319 3724 «cn,
337 3665 404 3712 ‘tum
416 3654 509 3713 etiarn
526 3655 660 3729 invidia,
682 3672 714 3716 ut
731 3673 798 3716 cum
815 3656 933 3738 aliquod
948 3657 1048 3717 nobile
1065 3655 1178 3716 facium
1193 3675 1219 3716 e·

256 3728 364 3804 ditur,
386 3731 473 3793 multi
496 3752 558 3795 non
570 3733 664 3796 ‘desint
682 3779 691 3810 ,
710 3737 763 3824 qui
778 3750 829 3795 aut
866 3735 922 3796 uod
948 3737 1053 3797 cestius
1067 3733 1216 3807 videant,

253 3823 309 3874 aut
322 3809 394 3875 odio
409 3811 545 3889 adduffl,
560 3814 743 3956 aupaliqurd
758 3814 792 3877 in
801 3834 835 3876 eo
844 3756 1007 3879 inderent
1015 3857 1025 3891 ,
1045 3829 1101 3876 aut
1116 3828 1215 3902 toturn

1085 3907 1181 3955 etiam
