3000 4559
559 490 856 566 BARTHOL.
891 490 1113 564 Riccns

351 605 386 681 se
413 598 588 682 contulit.
614 608 716 678 Erat.
732 601 830 679 enim
845 629 888 680 ea
916 603 956 678 in
973 604 1073 679 Urbe
1099 597 1192 680 sedes
1209 597 1315 681 Prin'ae'

350 715 499 820 cipum,
528 743 678 818 quorum
706 715 837 793 ditioni
874 720 1014 821 Lugum
1041 715 1225 819 Oppidum
1253 746 1315 818 pa.

347 831 475 924 rebat,
512 832 700 906 &horum
728 829 842 907 illeui
872 829 1127 907 munificentia
1154 829 1312 911 douiffi·

344 943 397 1020 mi
425 943 509 1022 Viri
537 943 739 1044 disciplinas
767 943 1043 1046 profitebantur.
1071 950 1126 1019 Ut
1146 943 1311 1047 plerique

344 1058 542 1152 solebam,
570 1056 720 1139 Riccius
749 1083 893 1161 quoque
922 1056 1154 1135 excolendam
1183 1055 1249 1135 fibi
1266 1057 1310 1139 in

343 1171 467 1277 primis
495 1170 677 1251 constituit
704 1169 1044 1273 Jurispmdentiam,
1080 1198 1187 1274 atque
1218 1170 1310 1251 ado'o

343 1286 485 1368 naviter
511 1284 549 1362 id
576 1283 680 1390 egit,
708 1310 748 1363 ut
780 1313 856 1364 non
885 1285 1063 1387 amplius,
1090 1312 1198 1386 quam
1219 1283 1315 1362 oan'

341 1401 440 1502 supra
457 1399 578 1476 decem
604 1424 708 1475 natus
726 1425 860 1498 anuos,
888 1398 1034 1501 adipisci
1051 1396 1224 1484 Dolionis
1239 1426 1307 1477 uo·

336 1541 450 1606 men,
489 1542 562 1590 non
591 1512 635 1586 ad
665 1539 861 1612 pompam,
897 1514 956 1593 scd
985 1513 1131 1625 ¹egregiae
1165 1539 1305 1592 navata

335 1653 448 1730 opcrae
473 1625 647 1716 smmum,
676 1624 851 1709 valuerit.
886 1624 985 1707 Huic
1025 1625 1167 1718 studio,
1206 1624 1303 1711 unde

320 1741 554 1829 ‘fortunarum
589 1763 786 1841 proventus
808 1737 939 1840 aliquis
967 1737 1034 1814 esse
1062 1736 1200 1842 posset,
1236 1760 1314 1826 err-²2.

243 1914 245 1919 .
332 1855 483 1957 emplo‚
510 1879 552 1931 ut
583 1876 661 1936 tum
688 1878 790 1934 erant
821 1879 1008 1954 tempora,
1047 1851 1220 1945 &raro‚
1247 1855 1297 1935 ’δε

319 1966 563 2051 ‚admiratione
590 1962 816 2071 dignissimo,
834 1965 963 2070 adjecit
990 1963 1201 2070 politiorum
1219 1969 1295 2052 cul·

328 2107 406 2158 tum
436 2079 658 2169 Litcrarum‚
676 2079 715 2158 in
744 2079 933 2184 primisque
950 2078 1076 2164 Latini
1102 2079 1293 2165 sermonis·

327 2192 476 2279 Etenim
510 2193 600 2284 Juris
638 2193 855 2297 disciplina,
895 2219 933 2271 ut
969 2195 1081 2300 vulgo
1118 2195 1289 2277 madaba·

323 2333 410 2402 tur,
442 2306 668 2399 inconditum
695 2307 865 2414 quiddam
894 2334 1003 2402 erat,
1035 2313 1072 2385 δι
1103 2309 1147 2387 ab
1177 2308 1290 2415 erudi·

323 2421 455 2516 tione,
484 2427 521 2499 &
548 2450 569 2498 a
598 2419 726 2525 peritia
756 2421 893 2500 Latino
922 2420 1054 2526 lingua
1089 2422 1225 2525 prorsus
1251 2450 1287 2501 a·

322 2533 480 2617 lienum.
524 2534 593 2613 Sed
628 2532 724 2636 quod
754 2534 954 2613 'adolescens
984 2533 1023 2616 id
1052 2535 1164 2614 atatis
1191 2539 1283 2615 Lau·

317 2675 416 2731 ream
443 2646 484 2739 iu
511 2645 697 2751 disciplina
726 2647 817 2737 Juris
838 2648 1024 2731 'adsecutus
1050 2648 1188 2744 fuerit,
1216 2647 1282 2729 mi·

316 2790 383 2841 uus
412 2761 551 2844 sortasse
580 2761 729 2838 mirum.
757 2760 868 2865 Quod
894 2790 980 2840 vcro
1006 2790 1026 2839 e
1053 2760 1283 2868 politioribus

316 2873 450 2953 Literis
497 2876 675 2981 jamtum
713 2875 885 2958 eximiam
920 2875 1059 2966 laudem
1099 2876 1279 2971 tulisset,

313 2984 454 3068 indicio
481 2990 560 3082 cst,
595 3017 678 3071 eum
707 2988 838 3068 divina
872 2989 1110 3077 Providentia
1136 2993 1280 3071 conces·

305 3104 381 3197 su,
408 3106 445 3183 &
474 3130 620 3182 munere
648 3103 771 3186 datum
799 3103 929 3200 fuisse,
956 3105 1020 3209 qui
1038 3105 1134 3186 inter
1163 3107 1278 3212 cujus·

308 3217 391 3296 dam
425 3215 652 3301 laudatissimi
679 3219 774 3322 quasi
803 3219 890 3298 belli
916 3225 1040 3304 Duces
1069 3219 1113 3301 ad
1151 3219 1276 3303 barba.

309 3325 400 3411 riem
437 3357 458 3407 a
493 3331 624 3414 Latina
658 3332 783 3440 lingua
820 3334 954 3412 strenue
1003 3331 1275 3437 propulsandam

307 3442 519 3526 excelleret.
547 3451 637 3524 Non
666 3445 719 3525 ita
747 3446 865 3525 multo
895 3445 972 3554 post
1000 3446 1190 3530 Patavium
1207 3473 1272 3525 ve·

307 3556 394 3650 nit,
432 3583 635 3662 perpetuum
662 3561 846 3645 Musarum
872 3556 1126 3657 domicilium,
1165 3587 1271 3640 exce·

305 3671 452 3774 ptusque
483 3671 599 3757 statim
629 3673 699 3758 fuit
726 3677 772 3752 ab.
796 3673 940 3757 andrea
958 3673 1169 3786 Navagcrio
1193 3678 1269 3757 Ve-

304 3785 381 3879 neti
411 3785 557 3868 Patritii'
581 3787 732 3872 Ordinis
761 3787 886 3886 Viro,
919 3786 984 3895 qui
1010 3794 1047 3876 δι
1072 3785 1153 3899 'ipse
1170 3814 1265 3968 scum

352 3944 357 3952 ·
1182 3921 1220 3968 o-
