3000 4559
267 468 329 602 bus
342 537 424 612 buius
446 535 524 599 istius
545 538 649 598 metita
670 536 821 609 objiciam,
841 538 923 598 nulla
943 532 1034 596 habeo
1057 522 1088 594 in
1111 522 1229 613 praesem

269 622 324 694 ria,
351 636 490 700 nec,quae
510 617 619 698 sperem
641 615 845 696 posthac,satis
865 617 967 678 video.
989 615 1072 686 Una,
1098 634 1158 674 una
1176 614 1228 673 mia

270 699 301 759 bi
325 716 375 759 tua
395 700 507 777 reliqua
527 697 591 771 est,
622 696 784 777 Princeps,
812 696 993 770 clementia,
1023 713 1113 776 quam
1138 693 1226 753 etiam

269 779 345 838 mihi
368 777 404 838 ab
425 778 511 837 initio
532 776 691 857 proposui,
711 777 758 838 cui
781 777 832 838 uni
853 775 1014 849 confidam,
1036 777 1068 834 in
1091 793 1153 854 qua
1174 793 1227 835 una

268 857 347 936 spem
369 875 464 918 meam
489 869 606 939 omnem
629 855 749 917 habeam
771 857 969 931 collocatam,
991 873 1054 936 quae
1077 853 1155 912 mihi
1171 851 1228 915 sola

264 937 303 996 'fit
323 957 376 1016 pro
406 937 487 997 omni
509 935 589 1000 istius
617 935 765 1007 Majorum
789 937 971 1009 nobilitate,
1000 948 1090 1017 atque
1141 953 1173 992 ro
1193 932 1225 994 iis

267 1018 402 1092 meritis,-
423 1016 527 1098 quibus
550 1016 642 1088 majus
663 1017 752 1077 etiam
775 1017 863 1077 scelus
884 1013 1042 1078 condonari
1058 1033 1098 1092 po
1122 1028 1147 1073 rt
1160 1057 1168 1071 .
1182 1010 1225 1073 Ad

267 1115 332 1155 eam
354 1097 443 1177 igitur
463 1096 599 1177 confugio
621 1117 630 1167 3
660 1096 777 1166 adeius
795 1117 842 1156 me
867 1095 952 1177 pedes
973 1109 1069 1155 totum
1091 1092 1224 1173 projiciot

267 1195 327 1233 non
348 1175 440 1236 solum
450 1177 571 1237 caussam
580 1196 676 1236 meam
698 1176 816 1252 iili,sed
838 1175 865 1235 se
885 1176 977 1256 ipsam
999 1172 1049 1232 fibi
1070 1190 1223 1252 magnope·

264 1254 535 1316 recommendans.
565 1258 646 1317 Nam
667 1269 719 1318 aut
739 1277 774 1317 ea
793 1255 894 1328 hodie,
916 1252 1055 1315 Hercules
1076 1252 1223 1332 Princeps,

265 1350 376 1412 quanta
396 1335 446 1410 srt,
469 1334 641 1411 declarabis,
662 1350 714 1398 aut
735 1354 898 1416 numquam
920 1333 1098 1394 aliar,.Tua
1118 1331 1222 1391 meheu

265 1412 331 1473 cule
343 1457 353 1487 ,
365 1414 524 1490 Hercules,
563 1415 873 1496 rudentiajampridem
891 1413 1025 1474 omnibus
1042 1411 1187 1473 Gentibus
1194 1411 1220 1471 in

266 1492 467 1556 omnibussrve
483 1431 625 1575 pubiicis,
642 1495 700 1556 srve
709 1496 830 1576 privatis
840 1493 922 1555 rebus
944 1492 1073 1554 maxime
1082 1489 1220 1572 perspefla

261 1569 323 1631 est.
354 1573 468 1644 lustitia
495 1575 584 1635 etiam
611 1588 742 1656 proxime
769 1575 800 1635 in
824 1573 923 1634 Isaaco
944 1570 1155 1633 Abravaneslio
1183 1566 1217 1632 est

259 1653 445 1732 percognita.
466 1655 675 1794 Temperantia
697 1671 772 1715 certe
792 1675 826 1714 ea
845 1655 901 1728 est,
921 1672 985 1734 quae
1006 1667 1034 1712 te
1048 1667 1145 1712 totam
1159 1667 1218 1712 ata

261 1745 322 1789 tem
344 1733 454 1812 optime
478 1752 533 1794 eon
546 1751 629 1794 ervat
652 1735 817 1794 valentem:
842 1752 906 1813 quae
922 1729 1216 1793 virtutes-etiamfiin

259 1827 378 1948 puerque
402 1812 522 1873 homine
539 1815 603 1875 suut
620 1815 747 1874 maxime
765 1812 940 1886 laudande,
966 1810 1068 1892 procul
1084 1809 1215 1879 dubioin

286 1888 394 1970 rincipe
415 1891 499 1953 nullo
522 1890 579 1953 fine
602 1891 669 1954 sunt
692 1892 890 1966 extollenda,
912 1892 1021 1973 quippe
1047 1889 1100 1972 qui
1123 1905 1218 1955 contre

261 1985 351 2047 quam
372 1987 411 2029 eae
431 1970 573 2047 jubeant,
600 1973 720 2054 impune
743 1973 898 2034 admittere
922 1970 1037 2051 potest.
1067 1969 1125 2032 Sed
1149 1970 1169 2031 st
1187 1968 1218 2031 in

259 2065 320 2107 una
335 2064 433 2111 tamen
450 2049 621 2112 fortitudine
643 2052 751 2113 caeteris
770 2050 926 2114 virtutibus
944 2049 991 2111 res
1026 2046 1145 2125 ridebis,
1167 2048 1215 2117 hod

257 2125 322 2213 est,
345 2127 366 2188 sr
389 2129 550 2191 vinditiam
574 2131 657 2194 istam
675 2146 757 2194 tuam
780 2130 970 2214 aequissimam
1016 2149 1051 2190 eo
1075 2129 1216 2191 condona

258 2203 329 2280 brs,
350 2207 371 2267 sr
395 2222 534 2284 tantam,
559 2227 678 2294 tamque
701 2211 803 2282 justam
829 2209 1008 2272 iracundiam
1041 2207 1216 2285 continebit,

257 2285 338 2347 crede
352 2287 444 2364 mihi,
462 2306 491 2352 te
516 2291 612 2351 multo
635 2293 700 2372 plus
723 2291 847 2371 gloria,
873 2289 1025 2370 multoque
1048 2289 1214 2369 ampliorem

256 2368 540 2430 commendationem
563 2369 599 2430 ab
619 2372 673 2433 hac
689 2386 748 2432 una
770 2371 822 2432 esse
838 2369 1075 2443 consecuturum,
1098 2389 1185 2451 quam
1198 2389 1221 2431 a

255 2447 364 2507 caeteris
385 2448 519 2510 omnibus
542 2450 697 2511 virtutibus
720 2451 804 2511 srmul
821 2471 879 2511 una
894 2448 1054 2520 conjunuis
1077 2468 1213 2532 umquam

256 2543 286 2582 es
303 2524 452 2587 sanutus.
482 2528 518 2588 In
547 2529 743 2610 cognoscendo
771 2531 851 2589 enim
881 2529 953 2610 quid
974 2548 1119 2611 aequum,
1148 2526 1216 2611 quid

254 2622 342 2678 non,
371 2607 479 2667 multos
501 2627 583 2686 pares
609 2609 710 2670 habere
731 2625 838 2689 potes;
866 2609 897 2668 in
918 2609 968 2670 suo
990 2626 1092 2671 autem
1112 2611 1214 2690 cuique

254 2681 374 2770 dando,
396 2688 521 2764 praemiis
543 2687 659 2762 bonos,
690 2708 778 2768 poena
799 2688 892 2750 sontes
914 2688 1093 2764 afficiendo,
1124 2689 1213 2749 etiam

251 2760 410 2822 mediocres
430 2765 528 2837 viros3
549 2785 616 2827 eum
636 2784 728 2851 neque
748 2769 834 2849 pauci
856 2769 878 2829 ii
897 2769 969 2843 snt,
990 2770 1043 2850 qui
1059 2769 1098 2830 ab
1113 2768 1213 2830 alienia

251 2836 280 2899 se
300 2839 484 2929 abstineant,
506 2847 537 2905 in
557 2847 613 2907 suis
634 2863 732 2908 autem
752 2848 879 2910 modeste
901 2850 1072 2910 contineant
1089 2869 1099 2919 ;
1120 2849 1173 2932 qui
1191 2847 1213 2907 ia

252 2934 313 3008 tem
334 2921 406 2981 alios
428 2925 485 2999 vi,
514 2946 547 2985 ac
570 2927 680 2989 virtute
702 2927 858 3007 superent,
889 2927 1115 2990 innumerabiles
1139 2949 1168 2989 te

250 3016 367 3088 rrunqtur
381 3021 390 3071 3
404 3005 490 3092 ¹quin
512 3007 599 3066 etiam
622 3009 706 3086 pauci
728 3008 750 3068 ii
773 3029 832 3069 non
853 3009 937 3083 sunt,
959 3010 1011 3099 qui
1030 3005 1140 3069 Urbem
1163 2947 1211 3069 rbi·

249 3082 462 3166 conservarint,
476 3086 528 3166 qui
550 3086 642 3147 hostes
663 3089 694 3148 in
715 3085 746 3149 su
768 3109 816 3150 am
838 3089 1029 3163 conjecerim,
1048 3089 1102 3169 qui
1123 3088 1214 3149 vitto.

252 3176 326 3218 riam
348 3164 559 3242 recuperarint.
581 3167 641 3240 Qui
662 3187 733 3228 vero
746 3109 776 3229 se
790 3167 945 3247 superarit,
965 3168 1017 3250 qui
1032 3167 1208 3230 iracundiam

249 3235 330 3328 suam
353 3243 575 3322 compescuerit,
596 3246 648 3326 qui
669 3248 732 3308 vim
755 3247 849 3308 dolori
872 3248 922 3309 suo
941 3247 1056 3322 fecerit,
1100 3249 1132 3308 ui
1151 3247 1210 3307 nul«

248 3314 278 3374 la
299 3336 330 3377 vr
351 3319 386 3380 de
407 3323 567 3384 constantia
583 3368 591 3398 ,
606 3358 609 3363 ·
623 3342 710 3408 atque
739 3327 776 3387 de
806 3328 916 3389 virtute
945 3328 995 3389 sua
1014 3327 1077 3397 deje
1109 3346 1143 3388 us
1163 3327 1208 3399 sit,

249 3402 485 3484 commemoratis
514 3404 666 3483 prasertim
696 3407 866 3482 maximis,
895 3424 983 3488 atque
1011 3405 1208 3469 recentissimis
1254 3425 1259 3461 :

246 3491 379 3562 mlurus,
401 3499 501 3541 omnes
522 3483 658 3545 hasienus
679 3486 711 3545 in
732 3506 792 3546 uno
814 3486 848 3545 C.
870 3487 980 3547 Caesare
1002 3504 1207 3556 nummatum
1252 3511 1259 3566 3

249 3550 318 3614 burc
339 3569 367 3615 te
388 3558 530 3636 posshac,
550 3561 570 3620 fi
593 3563 787 3625 crudelissimo
807 3565 929 3646 inimicp
949 3566 1098 3643 ignosces,
1116 3585 1208 3647 perpe
1255 3639 1258 3643 Ι

247 3646 299 3719 ruo
328 3654 426 3698 omnes
456 3639 589 3700 Historia
618 3643 820 3722 conjungent.
848 3645 979 3706 Tametsr
1007 3645 1110 3726 [vide
1139 3642 1205 3728 quid
1253 3688 1259 3723 ,

245 3709 382 3798 diremi]
404 3719 499 3780 multo
520 3719 572 3780 isia
593 3736 644 3782 tua
664 3722 758 3781 animi
778 3722 1049 3804 clementia‚quam
1071 3725 1204 3795 Caesaris,
1256 3768 1259 3801 :

247 3787 345 3854 sutum
366 3796 405 3857 est
424 3799 540 3871 major.
571 3799 600 3861 Is
621 3800 701 3865 enim
722 3803 764 3862 eis
784 3801 926 3884 ignovit,
947 3805 998 3885 qui
1019 3804 1149 3949 caussam
1171 3799 1206 3865 as·
1256 3848 1259 3881 3

1104 3904 1166 3947 erre
