3000 4559
360 446 560 512 Dareum
579 447 752 509 CONTRA
773 450 884 510 GASP.
908 454 1096 514 SARDUM.
1141 453 1195 536 183

265 544 301 591 ee
323 529 425 591 omnia
445 525 621 609 ineptissime
641 528 739 603 dicis,
759 544 811 591 aut
830 529 925 593 masos
945 551 1005 595 non
1027 533 1119 597 solum
1137 535 1237 601 imita*
1329 528 1336 542 ’

267 611 327 684 rie,
349 608 395 673 sed
416 609 506 670 eriam
527 605 611 670 facile
630 607 769 688 superas.
800 609 888 686 Quod
908 630 964 692 ego
986 630 1043 676 una
1084 614 1128 678 sus
1151 617 1236 683 litere

267 692 348 750 Herc.
372 687 518 763 scribam,
546 708 635 828 ium
665 687 823 770 pracipio,
852 710 931 753 mera
960 705 1010 753 tua
1039 634 1083 752 eii,

1108 693 1236 775 ineptia.

267 769 351 832 Nam
372 769 519 844 Hermes,
559 784 706 830 arantum
728 771 792 828 Her.
829 769 1019 854 scripsissem,
1049 772 1235 854 interpretari

266 869 388 992 guoque
408 848 499 930 posset
514 867 524 909 ⁴:
551 869 569 908 c
587 849 702 911 literam
724 865 891 930 quartam,
917 867 1124 927 nouantem,
1145 870 1179 917 ut
1201 873 1236 920 tu

288 930 357 1004 ἱεὶς,
377 928 474 989 literas
493 946 610 1007 quatuor
629 929 749 989 addidi.
773 929 832 990 Ubi
851 930 929 992 enim
947 930 1014 993 sunt
1033 948 1161 1014 quatuor
1176 932 1235 997 ista

267 1009 377 1084 sicera,
396 1027 461 1098 qua
479 1007 585 1070 addita
608 1007 693 1083 sunt,
713 1008 883 1074 vanissime?
904 1009 1081 1075 saeuissime?
1099 1033 1153 1075 cur
1174 1035 1236 1078 non

264 1086 363 1153 dixti?
381 1108 435 1151 cur
451 1105 579 1172 quatuor
600 1087 657 1230 issse
679 1089 773 1152 literis
794 1089 845 1154 scri
866 1089 941 1155 sisti?
962 1111 1022 1153 non
1043 1107 1142 1155 autern
1185 1115 1237 1158 uae

266 1186 337 1232 ruor
356 1168 466 1231 addici
492 1169 563 1250 quia
591 1190 609 1231 u
632 1169 699 1251 ique
729 1169 774 1232 tui
794 1190 823 1233 es
844 1111 1034 1246 simillimus,
1064 1172 1120 1236 hoc
1141 1114 1184 1239 eisl
1200 1176 1235 1241 in

266 1249 350 1313 bonis
374 1248 465 1313 literis
480 1248 577 1311 multo
593 1269 706 1325 minus,
724 1269 817 1332 quam
837 1249 858 1312 h
876 1252 1005 1315 issarua.
1026 1253 1114 1328 Quod
1132 1270 1233 1317 aurem

262 1330 304 1393 ed
324 1335 483 1405 Fecereur,
500 1347 546 1388 rus
568 1328 700 1393 additum
723 1329 775 1392 esse
795 1351 814 1392 a
833 1330 951 1394 librario
969 1330 1061 1397 dico.
1082 1335 1125 1397 At
1144 1335 1231 1415 quine

264 1429 324 1493 que
353 1426 452 1472 tamen
473 1425 559 1471 erunt
581 1409 694 1472 litera.
724 1413 767 1472 At
786 1409 877 1473 nihili
904 1413 994 1474 homo
1014 1431 1073 1487 es,
1097 1413 1152 1494 qui
1172 1414 1235 1476 hac

265 1488 390 1571 puerilia
411 1488 540 1563 seueris,
560 1510 612 1551 nec
630 1490 727 1552 videas
743 1489 862 1552 tandem
882 1489 1065 1566 maduisse,
1085 1508 1163 1555 certe
1179 1493 1236 1558 hoc

263 1588 415 1653 nunquam
435 1569 573 1631 omnibus
595 1570 685 1631 literis
706 1570 884 1651 expsicarum
905 1571 981 1650 segi.
1003 1570 1082 1633 Illud
1099 1591 1171 1632 vero
1192 1589 1234 1635 et·

262 1651 324 1714 iam
345 1650 451 1730 probe,
470 1648 691 1732 splendideque,
711 1651 835 1712 Studiosr
851 1695 863 1726 ,
881 1649 1030 1713 observate
1049 1650 1164 1714 dicendi
1185 1669 1234 1713 co·

286 1731 364 1804 iam,
383 1745 472 1812 atque
492 1728 667 1810 elegantiam
687 1730 888 1812 singularem,
906 1751 976 1794 curn
996 1751 1051 1812 pro
1071 1746 1163 1791 uerum
1184 1751 1237 1812 ρο-ΙΙ

264 1751 322 1875 fuit
341 1810 408 1890 effe,
428 1809 477 1869 vei
497 1832 549 1869 non
567 1810 637 1889 effe,
658 1831 726 1872 cum
748 1811 809 1873 ait:
831 1810 932 1872 henim
949 1810 1019 1890 effe,
1040 1811 1090 1872 vel
1108 1833 1161 1871 non
1180 1811 1234 1891 effe

262 1891 390 1953 eicerem.
412 1888 524 1971 Ecquid
546 1889 602 1952 hoc
625 1892 706 1952 vobis
726 1889 871 1955 viderur?
900 1892 1023 1955 Sardum
1043 1890 1097 1955 esse
1117 1890 1234 1955 Ciceroe

263 1991 348 2049 nem,
366 1969 542 2031 Ciceronem
562 1970 701 2032 Sardum.
720 1971 827 2033 Rede.
845 1970 901 2034 Sed
922 1971 1035 2052 pergit.

267 2090 274 2170 ζ
300 2131 335 2224 Si
355 2127 495 2207 Aeestius,
514 2125 555 2189 di·
573 2123 752 2207 Gonzagbius
764 2128 836 2206 sum
856 2131 980 2194 Nomina
995 2128 1169 2212 propria,ue
1188 2131 1232 2193 in·

264 2228 341 2294 qun.

266 2398 272 2410 ·
299 2366 439 2432 Mentiris
456 2366 579 2428 iterum.
597 2364 667 2427 Hoc
680 2363 811 2427 enimnu
865 2383 933 2427 uam
949 2385 968 2428 a
983 2384 1030 2427 me
1044 2361 1084 2425 ess
1098 2363 1208 2427 didum
1218 2406 1236 2432 ¹0

257 2451 343 2515 Nam
365 2445 442 2586 afiud
463 2464 543 2507 meos
563 2443 655 2507 bonos
675 2443 848 2526 nusquamc
892 2465 951 2508 vox
968 2445 1144 2507 issaNomen
1160 2465 1228 2526 pro·

261 2530 382 2674 {rium
405 2546 439 2588 oc
461 2524 576 2601 modo,
602 2544 696 2609 neque
721 2545 780 2606 ego
806 2543 874 2588 eam
901 2545 939 2588 cx
970 2526 1029 2589 ruis
1052 2523 1218 2606 usurparem

285 2626 398 2692 equerrs
419 2625 508 2688 ergo.

267 2797 271 2803 -
304 2769 330 2829 11·
346 2767 488 2861 Principes
503 2762 546 2827 bis
560 2765 640 2844 ficere
650 2766 728 2846 saure
744 2764 839 2828 absuri
853 2768 949 2847 suere,
969 2788 1003 2827 ex
1019 2765 1161 2830 Sacerdote
1171 2763 1232 2846 pri·

263 2871 364 2923 mum,
392 2870 440 2927 qur
463 2849 607 2908 Herculem
628 2848 667 2908 (Ψ
688 2850 836 2909 Feramum
863 2847 1049 2922 nominavit,
1076 2843 1231 2914 deindeab

263 2929 338 3011 ipfh,
358 2929 428 2988 dum
446 2941 495 3010 pro
516 2926 633 2987 Hercule
650 2927 787 3003 Aressium
803 2971 813 3000 ‚
828 2943 879 3008 pro
899 2931 1018 2988 Feranco
1039 2926 1230 3005 Gonzaghium

265 3008 458 3090 nuncupavit,
481 3008 556 3084 quod
568 3005 683 3084 quidem
698 3005 736 3080 ess
748 3023 843 3066 contra
857 3008 999 3068 Sacrorum
1012 3009 1158 3065 canonum
1173 3007 1233 3064 De·

264 3105 349 3165 creta,
373 3091 611 3165 Romanorumque
630 3081 794 3158 Pontiicum
813 3085 1044 3163 constitutiones.

307 3250 338 3310 O
358 3247 468 3311 mirum
490 3246 661 3318 hominem,
681 3242 714 3307 a
734 3241 871 3307 omnium
892 3261 988 3305 rerum
1010 3239 1130 3304 scientia
1150 3240 1235 3300 omni

269 3328 419 3392 tumulate
441 3326 576 3390 refertum
597 3326 686 3385 etiam
707 3324 738 3384 in
759 3325 853 3385 Sacris
881 3323 987 3385 Lireris
1012 3325 1026 3380 Ι
1048 3317 1235 3394 Nesciebam,

268 3409 371 3483 Sardi,
391 3424 422 3471 te
442 3409 542 3471 Sacrae
562 3424 679 3495 quoque
699 3404 814 3466 Lireras
835 3402 1047 3493 coinquinasse.
1068 3399 1159 3462 Paulo
1175 3400 1238 3542 {ost

259 3505 368 3552 raecum
388 3508 475 3571 agam
496 3502 701 3560 reverentius,
727 3482 849 3565 quando
876 3498 967 3546 enam
997 3481 1031 3542 de
1059 3479 1177 3542 Carioni
1200 3498 1231 3549 ue

268 3569 324 3632 scis
347 3569 453 3653 loqui.
484 3567 607 3628 Vidistis
636 3563 789 3628 hominem
811 3583 978 3646 umquam,
1006 3560 1122 3640 Presedii
1147 3560 1231 3636 Viri,

265 3648 364 3732 magis
382 3646 556 3711 ridiculum?
572 3645 667 3729 magis
681 3641 859 3707 infacetum?
875 3643 970 3725 magis
987 3638 1144 3706 insulsum?
1165 3640 1232 3722 qui·

265 3748 325 3812 que
345 3729 473 3812 ineptius
493 3729 584 3790 risum
604 3721 762 3815 quaeritet?
783 3723 837 3786 Sed
853 3722 938 3794 hujus
955 3722 1121 3786 fatuitatem
1142 3720 1232 3783 omit·

262 3824 389 3887 remus,
419 3808 532 3876 ramerii
553 3806 707 3871 emahtia
726 3804 859 3945 suaffion
883 3803 1024 3887 discedit.
1056 3805 1131 3888 Non
1147 3799 1229 3938 egini

863 3906 884 3961 4
1131 3899 1167 3958 ‘²8
