3000 4559
313 492 357 558 74
511 462 787 535 'anarrron
814 473 975 531 arcorr

273 575 330 642 que
352 555 462 617 ratione
470 552 499 614 id
520 553 564 614 illi
585 552 754 627 eveniebat,
775 569 808 615 ut
824 544 1233 629 inferioribus‚paribus,po-

275 634 448 700 tentioribus
477 655 498 695 ae
522 655 556 695 ue
576 632 754 695 charilfimus
777 633 871 706 esset,
900 631 1095 710 omniumque
1117 627 1232 701 laudem

275 719 334 778 fine
364 713 477 776 invidia
500 654 587 776 iacile
616 713 775 793 reperiret.
805 711 906 773 Altera
934 730 1004 772 vero
1032 707 1119 777 hujus
1145 707 1232 770 officii

275 811 447 878 parserat,
475 813 565 884 quam
588 810 681 854 totam
710 792 745 854 ad
759 792 933 870 Principem
953 788 1096 869 pertinere
1124 787 1233 851 diceba.-

275 896 365 951 mus,
393 894 461 934 cum
481 871 633 935 rs⁴scilicet
661 893 728 936 cum
750 872 814 933 aliis
837 868 1018 950 Principibus
1054 886 1105 948 per
1125 866 1232 933 litteras

268 955 354 1035 agit.
374 955 469 1022 Huius
492 955 562 1014 item
584 952 689 1032 duplex
710 953 749 1013 est
771 952 864 1026 ratio,
886 950 977 1012 altera
997 951 1028 1010 in
1050 949 1117 1022 iis,
1137 966 1231 1030 quaea

267 1035 406 1114 Principe
423 1035 454 1093 in
477 1034 567 1095 totius
588 1033 629 1093 rei
652 1024 776 1094 lnateria
802 1051 893 1115 quam
924 1025 1099 1110 paucissimis
1139 1027 1230 1098 verbis

267 1115 434 1186 difflantur,
457 1114 532 1174 teile
552 1112 759 1195 percipiendis,
780 1113 872 1174 altera
891 1131 962 1172 vero
981 1107 1057 1169 iniis
1077 1105 1145 1186 ipfis
1161 1108 1231 1188 poll-

266 1193 344 1254 ea&
361 1192 535 1274 prudenter,
557 1193 588 1254 ἂ
604 1209 705 1253 ornare
728 1190 954 1254 conscribendis.
975 1189 1147 1271 Inquorum
1178 1188 1231 1250 tio·

271 1294 303 1336 re
324 1273 360 1333 fic
378 1273 506 1353 Principi
529 1273 579 1334 suo
603 1271 650 1333 hic
674 1271 881 1347 satisfaciebat,
902 1286 964 1346 ut,
983 1288 1050 1330 cum
1071 1265 1139 1329 adol
1169 1287 1228 1331 cens

268 1369 358 1428 erat,
387 1372 451 1413 raro
475 1351 571 1413 ullum
591 1352 676 1421 hujus
696 1352 844 1425 verbum,
875 1369 944 1412 cum
966 1368 1040 1421 ‚vero
1056 1346 1116 1406 Vir
1140 1345 1227 1411 saffira

270 1432 335 1507 est,
360 1433 476 1492 nullum
493 1431 530 1493 ab
547 1452 582 1493 eo
604 1433 817 1513 corrigeretur.
840 1431 878 1492 In
895 1430 987 1492 altera
1004 1447 1073 1491 vero
1090 1425 1128 1486 fic
1143 1427 1227 1489 excel

269 1511 353 1588 luit,
382 1526 415 1572 ut
432 1531 512 1592 pares
537 1532 667 1592 paucos,
689 1511 864 1592 superiorem
889 1526 966 1571 certe
985 1505 1119 1570 habuerit
1140 1506 1225 1567 nemi·

268 1612 356 1652 nem.
378 1593 457 1652 Nam
479 1592 499 1651 fi
517 1590 694 1652 scribendum
716 1609 779 1652 erar
799 1591 835 1653 ad
854 1588 1025 1653 Pontificem
1044 1585 1225 1662 Maximum,

267 1672 305 1732 ad
321 1673 433 1752 Regem
450 1716 467 1761 ,Ι
480 1671 516 1731 ad
533 1672 670 1732 Senatum
689 1672 818 1752 aliquem
836 1714 846 1746 ‚
866 1671 903 1731 ad
918 1689 1035 1751 parem,
1056 1666 1093 1727 ad
1115 1664 1224 1728 inferio·

196 1785 198 1789 ·
266 1770 358 1822 rem3
388 1769 530 1813 continuo
560 1751 638 1840 quod
669 1752 805 1832 Princeps
826 1750 917 1811 tribus
946 1749 992 1811 illi
1013 1745 1109 1810 verbis
1129 1745 1222 1808 dicias.-

266 1828 336 1903 let,
357 1829 388 1889 id
410 1831 469 1910 ipse
491 1830 616 1910 longiori
638 1833 772 1892 oratione
791 1853 826 1892 err
848 1831 962 1903 litans,
991 1827 1028 1888 fic
1045 1826 1144 1887 statim
1160 1845 1221 1892 corr

265 1909 427 1983 stituebat,
449 1909 485 1970 fic
509 1911 736 2000 unumquodque
757 1910 809 1974 suo
827 1851 895 1972 ioco
914 1906 1103 1980 collocabat,
1132 1920 1164 1967 ut
1183 1905 1219 1968 uie

266 1989 310 2049 hil
335 1991 459 2069 aptius,
489 1990 563 2049 nihil
588 2010 683 2070 magis
702 1991 858 2072 compofite
875 1990 970 2063 strui,
1001 2004 1092 2069 atque
1113 1983 1162 2046 dis
1210 1983 1215 1996 '

264 2068 370 2148 pollet.
392 2068 438 2129 Ea
446 2089 515 2129 vero
536 2067 631 2149 postea
651 2070 777 2131 didlione
797 2070 871 2132 illud
892 2067 1031 2132 scribebat
1051 2066 1106 2128 hac
1114 2084 1153 2127 no
1176 2083 1214 2139 ra,

263 2165 326 2287 plue
345 2148 439 2229 vulgo
461 2148 565 2209 Italice
585 2150 759 2242 loquimur,
780 2170 839 2232 qna
856 2151 922 2230 quis
945 2148 976 2209 id
998 2148 1114 2228 optime
1134 2141 1214 2208 facee

295 2226 426 2289 dicillet.
457 2230 526 2303 Ac,
548 2231 627 2309 quod
648 2232 679 2291 in
695 2232 796 2321 primis
819 2228 1030 2311 providendum
1048 2226 1089 2288 est
1106 2270 1123 2299 ,
1136 2221 1215 2294 cuiul·
1261 2220 1262 2271 l

262 2326 320 2446 pue
339 2306 464 2387 persona
487 2309 631 2370 rationem
654 2310 899 2391 diligentissimam
909 2307 1066 2382 adhibens,
1088 2305 1211 2367 decorum

277 2407 347 2446 uum
369 2404 483 2450 attente
503 2389 706 2451 conservabat.
727 2391 805 2452 Cum
827 2410 897 2451 vero
920 2387 1018 2470 [quod
1035 2383 1211 2466 saepiusPrin·

262 2467 322 2545 cipi
338 2467 464 2527 accidere
486 2466 577 2550 solet]
599 2485 632 2530 ut
648 2470 683 2531 de
699 2491 729 2532 re
745 2470 845 2532 eadem
862 2469 899 2531 ad
915 2469 1011 2550 plures
1028 2467 1142 2542 Littera
1155 2464 1212 2525 dane

261 2545 304 2605 dar
325 2546 430 2619 effent,
453 2547 565 2627 quoties
576 2548 604 2608 id
626 2549 693 2611 huic
715 2549 811 2612 nostro
832 2550 884 2611 usu
906 2546 1043 2621 venisset,
1065 2543 1210 2626 rerequir-

260 2644 352 2704 quam
373 2625 482 2686 decima
502 2628 610 2688 caeteris
632 2628 732 2690 fimilis
752 2628 820 2690 esset
836 2628 981 2710 Epistola.
1003 2627 1073 2688 Una
1088 2637 1210 2696 reserat,

261 2721 468 2792 argumentum
489 2707 566 2767 idem
584 2729 596 2776 ,·
624 2707 659 2768 fic
680 2710 882 2770 varia-tamen
902 2728 936 2770 ac
956 2705 1111 2786 multiplex
1130 2702 1162 2764 dt
1175 2701 1210 2761 in

259 2781 396 2871 firtuendi
416 2784 512 2857 ratio,
530 2786 740 2868 &explicandi
763 2788 898 2863 locutio,
921 2803 954 2850 ut
970 2785 1044 2848 nihil
1066 2785 1126 2846 alia
1140 2781 1175 2844 ab
1186 2800 1210 2841 a·

261 2862 303 2922 lia
323 2879 458 2924 mutuata
478 2866 531 2925 elle
550 2867 712 2928 videretur.
734 2868 803 2929 Mos
813 2871 883 2930 item
905 2867 1083 2948 prudentum
1091 2865 1131 2925 est
1140 2861 1210 2926 Prin·

258 2941 376 3021 cipum,
398 2944 449 3024 qui
472 2943 521 3032 lua
542 2946 660 3008 confilia
680 2967 731 3028 pet
752 2947 814 3010 suas
825 2949 951 3009 Litteras
972 2944 1149 3038 deprehendi
1167 2960 1209 3003 no·

258 3021 349 3110 lunt,
380 3039 413 3083 ut
428 3023 599 3104 quibusdam
622 3027 678 3088 suis
699 3027 784 3089 certis
806 3029 884 3089 notis
905 3028 1148 3089 locoLrterarum
1167 3040 1208 3102 po·

257 3100 317 3162 fitrs
341 3118 475 3163 utantur.
496 3105 556 3166 Hic
578 3106 621 3166 ita
642 3107 672 3167 in
694 3107 747 3179 iis,
769 3107 874 3190 quibus
892 3108 990 3169 utitur
1010 3107 1147 3184 Princeps
1165 3119 1208 3190 no·

256 3180 327 3255 fler,
350 3183 478 3271 uersatus
498 3200 583 3262 erat,
612 3184 655 3249 ita
675 3187 705 3248 in
726 3188 831 3249 alienis
851 3188 974 3249 minime
994 3186 1092 3260 rudis,
1124 3183 1166 3244 ita
1183 3198 1209 3239 ιη

255 3261 443 3351 conficiendis
466 3266 552 3326 novis
574 3284 677 3345 aprus,
700 3283 733 3328 ut
748 3267 833 3330 facile
856 3289 956 3330 omnes
976 3267 1113 3329 omnium
1136 3262 1207 3325 Ptine

256 3359 355 3420 cipum
382 3342 545 3432 enodaret,
575 3366 607 3406 ac
629 3347 686 3407 fine
715 3348 777 3409 ulla
809 3348 981 3410 difficultate
1011 3358 1206 3429 percurreret·

256 3420 328 3507 Quae
350 3438 451 3509 omma
473 3425 611 3486 Hercules
633 3427 769 3508 Princeps
788 3426 872 3488 facile
892 3428 1154 3498 animadvertens,
1179 3432 1208 3482 ac

258 3513 365 3587 optrmr¹
389 3500 576 3563 adolescentis
598 3507 767 3586 ingenium,
790 3528 824 3567 ac
833 3509 1014 3588 prudentiam
1035 3523 1118 3568 ratus
1139 3506 1209 3565 intra

256 3576 466 3656 angustrffimos
488 3581 632 3663 scriptura
653 3587 795 3647 cancellos
818 3608 876 3648 non
899 3587 953 3649 elle
973 3587 1100 3668 amplius
1122 3580 1209 3646 conti·

256 3661 382 3716 nendam
399 3702 413 3748 ,Ι
440 3659 485 3721 led
508 3663 582 3723 alios
609 3664 717 3726 studius
744 3686 779 3726 err
800 3667 859 3736 ejus
880 3688 955 3742 ore,
987 3689 1020 3728 ac
1042 3664 1149 3747 [quod
1169 3660 1209 3722 di·

255 3734 354 3817 cunt]
383 3757 454 3800 vrva
474 3761 546 3809 voce
567 3745 631 3824 capi
652 3745 711 3815 jam
733 3746 809 3826 polle
829 3746 965 3821 videret,
994 3747 1123 3826 primum
1144 3742 1209 3804 huic

253 3811 311 3879 scre
334 3837 435 3882 omnes
454 3818 573 3886 Italicas
595 3825 769 3906 Legationes
791 3823 936 3893 obeundas
944 3823 1213 3969 committita'Meo

1132 3925 1173 3969 ro·

154 3960 244 4062 ω’
