3000 4559
249 586 845 751 insumuntur
896 477 1166 699 riceii

529 821 557 884 0
586 819 620 885 R
652 818 688 886 A
715 818 857 887 Tro

274 982 277 987 '
328 990 1039 1067 PROT.ANN10M1LONE

448 1158 481 1221 in
502 1150 699 1260 MarciuBruti
721 1161 917 1227 seutentiam.

248 1327 471 1700 EM
487 1361 543 1422 ego
561 1361 579 1403 a
598 1334 662 1407 Diis
683 1341 917 1418 immortalibus,
940 1332 1069 1418 Iudices,
1090 1298 1172 1407 iuo-¹

418 1419 535 1482 mnibus
557 1422 628 1483 meis
652 1424 751 1484 caussis
773 1439 903 1504 precatus
924 1421 1011 1496 sum,
1040 1438 1074 1484 ut
1094 1422 1173 1486 mihi

248 1392 342 1648 Θ
419 1500 593 1591 aliquando,
610 1522 673 1585 quar
691 1503 750 1563 illis
768 1502 894 1592 maxime
911 1501 1035 1581 prodesse
1049 1501 1174 1579 scirem,

416 1598 516 1643 omnia
540 1594 605 1642 tuto
625 1581 775 1663 proferre,
804 1602 876 1645 meis
905 1601 975 1643 vero
1003 1579 1175 1661 Judicibus,

412 1679 476 1741 quae
499 1660 530 1722 in
552 1661 589 1721 iis
608 1661 674 1742 ipsis
695 1683 730 1724 ex
751 1682 859 1744 aequo,
879 1660 910 1725 ἃ
930 1660 992 1732 jure
1013 1660 1173 1738 sentirent,

248 1760 289 1802 ere
308 1730 435 1813 judicate
455 1740 570 1816 liceret,
591 1757 748 1834 utrumque
770 1742 846 1804 mihi
867 1740 1024 1804 hodiernus
1044 1742 1104 1802 dies
1126 1758 1173 1803 at·

247 1821 296 1883 it.
324 1819 446 1881 Mortuo
467 1822 546 1883 enim
567 1821 599 1883 Ρ.
621 1821 757 1897 Clodro,
785 1823 838 1906 qui
867 1843 927 1886 una
948 1841 1016 1885 cum
1035 1821 1172 1885 Civitate

248 1899 309 1961 sicia
330 1898 458 1991 oppressa
479 1900 620 1976 tenebat,
648 1902 708 1972 jam
739 1902 885 1978 Patroni,
912 1922 975 1985 quae
1005 1901 1042 1963 ad
1064 1904 1172 1962 caussas

248 1999 265 2041 s
287 1995 458 2059 pertinent,
480 1978 596 2044 liberius
616 1981 741 2047 trasiare
756 2004 766 2053 3
781 1982 907 2058 ,Iudices
930 1982 1049 2043 veroin
1071 1979 1106 2041 iis
1130 1981 1175 2051 ju-

248 2058 333 2121 :andis
354 2057 440 2120 nullo
467 2077 550 2122 matu
579 2062 722 2141 perterriti
750 2061 898 2125 adunam
919 2061 1088 2142 aequitatem
1108 2059 1173 2122 sen-

248 2139 312 2200 rtias
334 2138 396 2199 suas
417 2153 483 2199 tuto
505 2139 627 2221 dirigere
648 2139 786 2220 possuntt
808 2142 890 2217 Quin
910 2141 1001 2203 etiam
1021 2140 1078 2206 hoc
1099 2159 1175 2222 quo·

248 2217 407 2289 eiudicio,
430 2217 461 2277 in
483 2237 542 2298 quo
563 2219 661 2301 agitur
681 2219 717 2280 da
737 2219 837 2282 Clodii
859 2218 945 2298 ipsius
966 2219 1105 2294 interim,
1127 2216 1178 2277 Se-

248 2314 292 2358 tus
311 2317 360 2376 per
378 2295 435 2356 Cn.
452 2296 624 2376 Pompeium
645 2294 849 2372 fortissimum,
870 2316 904 2358 ac
921 2294 1178 2374 prudentissimum

248 2395 317 2439 rum
337 2374 449 2454 optime
469 2374 625 2454 providit,
656 2376 784 2458 nequid
805 2375 889 2457 Resp.
905 2373 1073 2439 detrimenti
1094 2391 1181 2455 cape·¹

248 2474 269 2515 ::
287 2457 366 2525 cujus
383 2453 522 2516 mandato
540 2454 597 2516 Vir
619 2456 753 2537 egregius
770 2456 821 2518 has
838 2454 953 2538 copias,
974 2452 1080 2537 quibus
1096 2453 1179 2516 hunc

248 2554 305 2596 :um
326 2535 437 2616 septum
458 2534 510 2595 esse
532 2533 663 2613 videtis,
685 2537 866 2616 comparavit
884 2557 892 2605 ;
914 2551 973 2609 ut,
992 2532 1013 2595 fi
1035 2533 1105 2618 quid
1125 2532 1181 2596 ad«

248 2635 265 2677 c
295 2613 398 2677 veteris
428 2631 522 2678 metus
551 2615 584 2676 in
612 2617 720 2678 animis
740 2617 842 2679 nostris
864 2615 903 2678 ob
922 2614 1091 2677 diuturnam
1113 2614 1178 2687 ejus

248 2692 444 2757 nsuetudinem
467 2693 622 2773 resideret,
653 2695 683 2761 id
705 2696 790 2760 nobis
810 2696 923 2779 prorsus
944 2694 1098 2767 evellerem
1120 2708 1177 2758 aut

249 2793 296 2833 am
317 2794 371 2849 ne,
387 2776 439 2855 qui
456 2766 556 2837 Clodii
573 2792 700 2852 mortem
718 2777 819 2860 inique
836 2776 979 2851 tulissent,
1004 2794 1085 2837 more
1103 2772 1177 2850 suo,

248 2852 361 2914 odianis
381 2846 510 2937 reliquiis
530 2855 676 2932 milesiis,
697 2859 729 2919 in
753 2859 830 2920 hunc
850 2858 948 2920 locum
972 2857 1118 2936 impetum
1133 2844 1179 2915 fa»

248 2946 324 3005 rent,
344 2924 451 3011 vosque
471 2956 488 3009 a
509 2934 585 3003 resia,
604 2935 758 3006 judicando
780 2937 965 3001 absterrerent
984 2957 994 3006 3
1014 2954 1062 2995 me
1085 2952 1179 3021 veru,

270 3008 395 3071 caussam
416 3011 508 3087 hanc,
529 3030 562 3076 ut
582 3015 672 3095 digna
692 3016 759 3092 est,
778 3016 892 3097 planius
913 3024 1095 3096 perorarem,
1118 3009 1179 3071 suis

248 3088 390 3151 imanibus
410 3089 582 3152 clamoribus
602 3092 791 3173 impedirent.
814 3099 931 3170 Quare,
952 3092 1083 3163 ludices,
1105 3107 1179 3151 cum-

248 3191 270 3231 n
299 3169 385 3232 nobis
413 3172 562 3251 integrum
589 3170 642 3241 essa
672 3172 849 3246 videamus,
879 3171 956 3233 mihi
984 3170 1016 3230 in
1037 3167 1180 3245 dicendo,

248 3248 291 3311 iod
310 3249 407 3312 eaussae
428 3269 499 3310 meae
521 3248 646 3331 prodesse
666 3250 779 3328 sciam,
808 3251 886 3312 nihii
905 3249 1041 3310 omittere
1059 3267 1068 3319 3
1091 3246 1177 3310 vobis

250 3349 283 3392 ro
304 3351 363 3392 uon
384 3351 419 3393 err
440 3328 529 3392 uilius
550 3346 657 3404 metu,
688 3328 735 3392 sed
756 3351 791 3392 ex
812 3331 853 3391 rei
874 3329 1011 3411 aequitate
1030 3326 1175 3405 judicari,

248 3408 326 3471 ·hoc
346 3410 479 3486 judicio,
510 3409 587 3472 unde
615 3409 698 3472 nobis
728 3409 789 3472 haec
817 3410 933 3473 libertas
962 3408 1092 3490 incipit,
1121 3423 1176 3471 nos

248 3506 328 3569 ioque
348 3491 467 3551 initium
489 3489 578 3552 libere
597 3491 702 3572 agendi
725 3489 898 3565 sumamus,
926 3484 1131 3571 Milonemque
1151 3488 1178 3550 i-

247 3566 321 3642 itm,
342 3589 429 3650 quern
451 3570 584 3633 videmus
604 3591 639 3633 eo
659 3570 746 3633 vultu
768 3572 801 3643 in
821 3571 875 3632 hoc
896 3569 948 3633 suo
968 3569 1077 3640 judicio
1097 3567 1179 3630 ades·
1218 3594 1223 3611 „

251 3689 261 3720 ,
281 3665 342 3726 quo
362 3667 439 3726 erat,
460 3671 528 3727 cum
549 3671 609 3714 rem
630 3650 764 3713 manibus
786 3647 900 3712 fortiter
919 3651 1062 3731 gerebat,
1083 3647 1182 3710 virili-

248 3745 260 3784 r
282 3725 453 3814 imitemur.
481 3729 517 3791 In
544 3751 603 3814 qua
631 3749 730 3794 tamen
751 3732 844 3805 caussa
863 3730 882 3791 si
903 3730 974 3812 quid
994 3731 1101 3811 cuique
1123 3746 1179 3813 ³9¹

248 3823 305 3866 :um
327 3807 489 3871 timendum
508 3810 566 3888 est,
587 3811 618 3875 id
638 3813 713 3874 milri
735 3808 789 3952 spii
810 3808 850 3871 ast
869 3809 1054 3882 timendumi
1069 3822 1177 3946 3⁶1st

351 3927 357 3937 .
810 3906 827 3969 3
1090 3898 1141 3943 es·
