3000 4559
240 568 244 573 ¹
478 492 910 556 'ORATIONES.
1091 508 1125 573 m

203 577 291 644 illurn
312 598 330 641 a
349 574 464 639 Milone
484 574 527 637 bis
543 575 583 636 ¹de
604 576 634 636 vi
657 594 737 636 reum
770 572 903 647 facium,
932 586 1017 656 atque
1040 574 1071 637 in
1091 572 1165 644 iudi·

206 660 287 722 cium
310 674 475 726 vocatum3
504 656 554 737 qui
586 654 695 734 semper
715 670 813 714 tamen
836 674 894 714 non
908 651 966 714 fua
986 655 1170 730 innocentia,

208 738 257 802 fed
275 738 324 801 lua
340 735 490 819 potentia,
512 752 546 798 ut
566 734 601 795 de
618 734 738 815 pollutis
755 733 930 795 caetemoniis
947 731 1031 808 fecit,
1051 736 1169 797 damna·

211 819 324 880 tionem
345 836 462 878 omnem
496 814 621 897 effugit.
652 816 748 890 Quare
775 831 841 876 curn
870 815 1004 889 constet,
1032 813 1169 876 Clodium

213 896 325 960 Miloni
345 917 445 959 omnes
468 896 583 958 infidias
606 894 755 968 llruxifle,
785 909 842 971 ut,
871 912 959 976 quem
981 893 1089 954 virtute
1112 914 1172 955 non

211 977 323 1069 pollet,
343 997 410 1038 eum
431 976 524 1050 dolo,
547 992 634 1057 atque
657 972 763 1035 insrdiis
785 974 978 1041 interficeret,
1000 973 1111 1035 conllat
1132 990 1173 1035 et·

208 1076 272 1119 ram
293 1056 376 1119 cadis
400 1056 454 1119 suae
478 1055 599 1117 caullam
621 1053 758 1116 Clodium
788 1054 898 1117 Miloni
926 1053 1030 1116 dedisse
1052 1056 1174 1116 necella·

210 1136 307 1213 tiam,
329 1136 437 1227 fibique
460 1154 557 1197 necem
579 1133 659 1195 illam
681 1156 715 1195 ex
731 1134 858 1196 Milonis
879 1135 1012 1197 manibus
1029 1135 1059 1195 vi
1081 1153 1174 1195 accer-

210 1215 327 1293 frvilfe‚
372 1237 430 1291 ur,
453 1215 532 1297 quod
553 1215 660 1296 semper
680 1235 698 1275 a
718 1213 827 1276 Clodio
848 1215 897 1275 srbi
918 1214 1105 1277 metuendum
1127 1215 1173 1277 vi·

211 1294 317 1371 debat,
338 1236 371 1357 il
390 1296 468 1356 ultro
491 1294 551 1368 illi,
573 1311 606 1355 ut
626 1293 653 1355 fe
673 1316 708 1355 eo
728 1294 768 1354 ali
792 1294 887 1356 uando
910 1294 1066 1370 liberaret,
1088 1292 1173 1358 infer·

210 1394 241 1436 re
262 1374 378 1437 coaetus
399 1374 462 1434 est.
491 1376 571 1434 Nam
592 1373 612 1433 st
632 1374 694 1435 ulla
714 1314 1043 1448 caulaest,1udices,
1071 1394 1173 1465 qnam·

210 1454 314 1515 obrem
336 1455 402 1536 quis
424 1453 515 1515 alium
536 1453 666 1515 occidisse
688 1451 716 1515 fe
737 1469 879 1527 tueatur,
906 1473 941 1515 ea
961 1473 1020 1515 una
1040 1470 1174 1517 omniurn

214 1534 365 1609 maxima,
386 1549 474 1615 arque
494 1536 608 1614 optima
628 1532 694 1606 est,
715 1552 781 1594 cum
803 1552 872 1594 eum
887 1532 913 1595 fe
928 1532 1057 1595 occidille
1078 1534 1173 1607 dicit,

211 1614 267 1695 qui
289 1612 339 1673 fibi
361 1632 459 1674 necem
480 1613 612 1674 eamdem
636 1611 788 1675 manifesto
808 1629 1013 1694 compararet;
1041 1628 1074 1673 ut
1096 1611 1174 1673 Milo

208 1693 243 1754 in
266 1690 365 1754 Clodii
386 1692 459 1754 cade
479 1690 570 1768 fecit,
598 1693 650 1775 qui
679 1713 745 1754 cum
769 1693 836 1755 vitae
858 1692 912 1755 fuae
934 1693 1114 1755 securitatem
1136 1710 1175 1753 ne

208 1775 228 1834 e
249 1769 361 1843 judiciis
383 1771 503 1854 quidem
525 1772 878 1863 impetraripollevidet,
901 1773 983 1864 seque
993 1771 1029 1833 ab
1049 1792 1083 1833 eo
1099 1790 1172 1863 quo·

209 1870 267 1934 que
289 1852 432 1931 praesrdio,
474 1852 531 1915 uod
547 1855 643 1925 iuteo
678 1872 757 1929 rmo,
780 1869 868 1935 atque
885 1873 1017 1915 omnium
1035 1868 1169 1933 gentium

206 1949 287 1994 more
308 1947 394 2014 atque
415 1873 548 1994 inllituto
569 1936 651 1994 omni
691 1954 704 1994 s
726 1932 826 2015 praello
849 1932 901 1995 elle
929 1934 1025 2008 solet,
1053 1931 1173 1993 dellitu·

207 2026 274 2072 tum
297 2010 399 2087 sentit,
422 2010 472 2073 fibi
494 2012 521 2073 se
544 2015 574 2074 in
598 2029 682 2075 tanto
703 2013 832 2095 periculo
855 2033 914 2075 non
936 2012 1102 2074 defuturum
1120 2012 1172 2071 elle

205 2090 325 2161 statuit3
346 2108 434 2175 atque
454 2091 532 2175 quod
554 2114 572 2153 a
591 2091 703 2153 virtute
725 2091 775 2153 lua
796 2093 898 2154 habere
959 2093 1041 2166 tuit,
1068 2090 1098 2152 id
1120 2089 1173 2151 ali-

205 2169 283 2233 unde
304 2190 429 2253 quarere
449 2171 576 2247 destitit,
595 2168 739 2253 fecitque,
761 2171 840 2252 quod
857 2172 909 2253 qui
943 2191 979 2232 ue
995 2170 1122 2231 vestrum
1141 2168 1171 2228 in

204 2250 260 2313 tali
273 2249 347 2311 ¹casu
369 2248 490 2322 fecillet,
512 2271 530 2310 a
549 2250 676 2330 Legibus
697 2248 733 2309 ad
742 2269 841 2323 arma,
863 2268 882 2310 a
902 2193 1015 2318 itlhiciis
1035 2248 1071 2308 ad
1093 2247 1175 2307 fuam

204 2330 349 2391 virtutem
360 2326 521 2409 confugit,
540 2346 666 2408 eumque
695 2326 865 2402 interfecit,
886 2347 979 2409 aquo
986 2326 1069 2401 ,rnifr
1087 2325 1116 2387 id
1132 2323 1172 2385 fe·

205 2408 313 2484 risset,
343 2422 377 2469 ur
397 2406 456 2488 ipse
477 2404 714 2481 interficeretur,
745 2405 851 2467 necesse
873 2423 961 2478 erat3
984 2421 1018 2468 ut
1038 2425 1073 2467 ex
1095 2406 1173 2486 Lege

207 2487 294 2549 omni
315 2487 512 2549 damnationis
541 2485 670 2569 periculo
691 2485 770 2547 Milo
789 2486 849 2555 iarn
872 2484 1009 2547 liberatus
1031 2485 1090 2561 fit,
1119 2484 1171 2566 qui

206 2568 294 2629 illurn
316 2567 450 2642 occidit,
472 2566 552 2637 cujus
574 2565 690 2627 infidias
713 2565 832 2628 tandem
857 2567 916 2628 alio
937 2566 1026 2628 modo
1046 2564 1174 2628 devitare

208 2666 270 2709 non
291 2647 401 2728 pollet.
435 2651 476 2709 At
505 2648 557 2730 qui
586 2646 615 2709 se
646 2646 756 2709 tuendo
786 2647 865 2709 Milo
886 2646 1026 2709 Clodium
1048 2644 1168 2713 occidit,

206 2746 275 2789 cum
294 2726 330 2789 ad
346 2726 470 2810 gloriam
487 2727 568 2790 suam
588 2726 779 2801 confiteatur,
803 2726 828 2787 fe
845 2727 930 2789 illum
947 2725 1080 2789 adortum
1096 2724 1172 2786 effe?

208 2806 301 2868 Reae
319 2806 455 2889 quidem,
477 2806 607 2879 Judices3
628 2806 674 2870 sed
696 2808 727 2869 in
749 2806 865 2869 Milone
883 2806 935 2879 id,
959 2805 1038 2889 quod
1059 2806 1090 2868 in
1111 2805 1172 2867 alio

207 2884 317 2945 effeta
374 2886 449 2961 edi,
476 2888 570 2969 magis
592 2886 632 2948 est
652 2886 828 2949 defendere.
858 2888 939 2949 Nam
959 2906 1027 2948 curn
1049 2885 1172 2947 Clodius

206 2964 240 3026 in
275 2963 326 3025 inr
348 2962 381 3023 iis
403 2964 511 3027 Miloni
533 2966 708 3027 collocandis
731 2964 836 3027 alfidne
857 2966 949 3040 effer,
977 2984 1072 3046 neque
1099 2984 1175 3046 pun·

209 3044 293 3105 Cium
324 3044 461 3181 remgoris
482 3044 518 3103 ab
540 3044 592 3107 hac
613 3044 791 3125 cogitatione
814 3064 939 3107 vacuum
971 3044 1175 3124 relinqueret,-

208 3124 314 3186 dieue
343 3142 382 3182 no
414 3140 489 3203 uque
519 3142 611 3183 unum
641 3123 695 3183 hoc
725 3122 903 3196 moliretur,
934 3122 1104 3202 Milonique
1131 3121 1175 3183 di·

207 3203 256 3265 llri
287 3223 306 3263 o
349 3200 426 3264 ladio
447 3201 504 3263 sem
542 3200 759 3277 rimminerer,
780 3202 914 3283 huncque
936 3217 1076 3280 perpetuo
1092 3220 1171 3282 urge·

208 3222 346 3357 ret,etf1
406 3280 464 3342 fica
525 3280 566 3342 ilo
582 3279 722 3342 Clodium
739 3279 856 3341 adortus
880 3280 937 3352 eil,
958 3281 1052 3362 magis
1075 3297 1172 3345 tamen

208 3360 268 3423 dici
290 3376 359 3441 pote
393 3405 402 3436 ,
425 3360 505 3443 quod
527 3360 536 3419 i
558 3358 585 3420 se
606 3358 642 3419 ab
661 3378 696 3420 eo
715 3359 831 3419 invasus
853 3359 903 3420 fit.
924 3360 1023 3436 Nam,
1042 3362 1094 3444 qui
1115 3362 1173 3426 hnc

209 3437 299 3501 modo
318 3458 336 3500 a
376 3439 502 3514 reditur,
537 3460 553 3501 e
573 3438 667 3519 magis
685 3437 828 3512 defendit,
850 3458 938 3523 quarn
954 3439 1105 3505 inimicum
1120 3442 1171 3505 ad·

209 3518 329 3581 oritur.
393 3519 423 3579 isr
444 3519 604 3593 mavultis,
619 3534 652 3579 ut
674 3517 752 3578 Milo
775 3534 837 3579 turn
858 3519 989 3600 gladium
1009 3522 1094 3586 saluti
1116 3522 1172 3585 fua

208 3596 379 3689 distringat,
399 3617 468 3660 cum
488 3615 540 3661 aur
559 3598 694 3673 dextera,
713 3613 767 3659 aut
786 3599 874 3663 etiam
896 3601 992 3665 cervix
1012 3603 1058 3666 illi
1079 3603 1172 3667 excisa

206 3674 260 3739 stt.
282 3676 401 3815 Fingite
420 3677 523 3753 vobis,
543 3678 671 3754 Judices,
691 3675 855 3755 Clodium,
884 3700 919 3742 er
946 3702 1007 3764 quo
1028 3683 1059 3745 in
1080 3682 1170 3745 Milo·

206 3774 279 3819 nem
308 3754 340 3816 in
352 3775 409 3817 ano
437 3756 507 3819 odio
526 3758 652 3834 exarsrt,
681 3758 713 3819 in
735 3757 812 3819 hunc
838 3776 889 3821 aur
917 3761 1002 3824 sicam
1031 3760 1169 3823 diredlam

205 3836 322 3919 semper
341 3834 478 3915 tenuiffe,
496 3854 548 3902 aur
567 3838 600 3900 in
621 3836 728 3901 infidiis
750 3837 858 3904 multos
880 3839 1037 3905 collocatos
1058 3836 1171 3975 hlbmss

259 3964 263 3969 .
1095 3935 1128 3989 e,
