3000 4559
546 481 988 543 '‘onATsonusz
1173 498 1212 558 att

281 567 321 621 ut
340 570 462 642 quaque
482 577 549 620 eum
572 559 602 620 in
624 559 674 620 sua
695 558 826 620 Ciuitate
848 560 988 634 retineat,
1012 559 1157 623 instituet.
1178 565 1251 638 Quae

282 637 398 718 singula
423 683 433 712 ,
454 655 488 699 ut
509 639 564 701 sese
586 659 630 700 res
652 636 775 712 offeret,
795 639 844 701 sua
865 639 917 700 illa
938 639 1052 700 dicendi
1073 643 1174 720 copia,
1196 643 1254 705 suit

283 716 344 777 illis
368 717 487 799 optimis
507 719 644 781 lateribus
670 719 707 779 fic
725 717 934 799 amplificabit,
958 718 994 780 sic
1017 718 1153 781 omnibus
1169 742 1254 785 orna·

283 798 410 870 mentis,
430 799 571 880 omnique
595 798 741 879 dignitate
759 798 931 871 illustrabit,
952 798 1021 860 ursi
1038 799 1091 860 alii
1116 798 1174 861 sitis
1193 823 1253 876 ,ne

283 876 321 936 de
337 876 469 937 manibus
487 876 641 940 sententias
658 878 764 939 vestras
789 896 976 961 extorqueat,
999 878 1191 958 magnumst

283 956 429 1037 ticulum.
452 960 549 1032 Quare
571 958 694 1032 videte,
722 957 859 1033 Iudices,
890 979 926 1018 ne
945 958 1161 1038 decipiamini.
1237 979 1253 1025 e

284 1037 365 1096 enim
388 1038 489 1097 omnia
511 1038 660 1111 maxima,
688 1053 776 1119 atque
797 1037 975 1119 amplislima
996 1038 1118 1099 suntad
1140 1037 1255 1100 Civica·

282 1130 345 1174 tem
376 1115 616 1197 impetrandam,
647 1116 683 1177 ad
707 1134 856 1198 acceptam
881 1136 980 1179 autem
1004 1116 1251 1198 comprobandam

281 1193 360 1254 nihil
380 1197 525 1278 pertinere
548 1196 711 1257 videntur.
739 1197 795 1260 Sed
816 1199 877 1258 haec
899 1218 991 1277 pauca
1014 1214 1110 1259 tecum
1134 1216 1253 1278 quoque

280 1293 397 1363 agam,
418 1275 549 1349 Cicero,
578 1277 720 1356 peramice
738 1322 745 1339 .
766 1279 797 1339 Si
819 1298 856 1338 ex
875 1298 935 1353 eo,
955 1277 1034 1358 quod
1056 1278 1179 1341 Archias
1199 1293 1251 1339 aut

280 1356 437 1433 ingenium
467 1372 552 1416 tuum
583 1355 741 1418 admodum
764 1358 902 1429 acuerit,
933 1373 983 1418 aut
1012 1357 1251 1419 exercitationem

279 1449 365 1494 tuam
384 1434 542 1513 plurimum
560 1434 682 1509 juverit,
699 1453 750 1498 aut
767 1456 861 1517 aquo
879 1435 931 1495 tibi
947 1436 1127 1516 optimarum
1143 1435 1251 1496 artium

281 1513 380 1572 omnis
395 1511 560 1602 ,disciplina
582 1515 709 1594 profetia
738 1515 799 1589 stt,
830 1514 954 1576 caussam
984 1515 1059 1576 hanc
1081 1513 1251 1593 susceperis,

279 1610 371 1672 atque
393 1611 424 1652 in
442 1593 515 1653 hanc
532 1613 632 1654 omnes
651 1615 754 1656 nervos
770 1596 945 1669 intenderis,
959 1593 1043 1657 nihil
1052 1593 1197 1667 omiseris,
1219 1613 1251 1654 o·

276 1689 437 1753 mnemque
459 1689 541 1735 tuam
564 1674 764 1756 eloquentiam
789 1675 821 1736 in
847 1676 901 1736 boc
919 1695 1010 1736 unum
1027 1674 1166 1743 iudicium
1183 1694 1251 1735 con-

278 1751 398 1841 tuleris,
419 1771 453 1811 ac
477 1753 617 1842 quicquid
641 1755 739 1815 valeas
763 1755 796 1816 in
820 1753 922 1815 causlrs
947 1754 1084 1835 agendis,
1107 1751 1248 1834 quicquid

278 1829 394 1890 artificii
421 1830 524 1892 habeas
551 1854 582 1893 m
604 1831 805 1909 defendendo,
827 1835 857 1896 id
883 1855 970 1896 omne
994 1835 1026 1896 in
1049 1832 1184 1914 Magistri
1203 1830 1248 1895 tui

279 1909 373 1999 caussa
388 1909 612 1992 deprompseris,
628 1912 716 1988 scito,
733 1935 769 1975 ex
784 1913 838 1976 illo
855 1931 907 1976 tuo
923 1930 1146 1995 raritatemque
1162 1927 1249 1993 grato

275 1988 374 2051 officio
391 2011 531 2072 magnam
548 2009 577 2053 te
601 1991 638 2055 ab
661 1994 799 2055 omnibus
816 1993 932 2056 laudem
950 2011 1182 2074 reportaturum.
1199 1991 1246 2053 lli-

277 2067 445 2150 quislrmum
467 2073 547 2131 enim
568 2072 624 2146 ess,
647 2073 722 2136 unde
745 2092 834 2152 prope
854 2073 885 2132 in
910 2073 985 2134 hanc
1009 2071 1177 2133 defendendi
1203 2091 1247 2131 raa

277 2151 389 2210 tionem
400 2152 530 2224 veneris,
551 2171 605 2231 pro
616 2172 668 2224 eo,
690 2150 837 2232 siquando
858 2172 930 2229 opus
941 2151 997 2223 est,
1019 2168 1052 2211 ut
1067 2168 1162 2213 totam
1181 2170 1247 2210 earn

276 2227 432 2289 effundas.
453 2232 537 2304 Quin
560 2229 719 2303 scelerate,
740 2245 830 2308 atque
850 2231 942 2308 impie
962 2228 1094 2299 fecisses,
1117 2228 1137 2286 fi
1160 2227 1244 2286 issum

277 2327 357 2368 nunc
375 2306 554 2381 deseruisses,
571 2308 601 2368 ἃ
617 2309 698 2378 cujus
715 2307 853 2380 hortatu,
871 2326 903 2367 ac
921 2307 1060 2386 preceptis
1077 2304 1113 2365 ad
1130 2321 1245 2365 ceteros

277 2387 311 2446 in
331 2386 380 2447 suo
398 2384 472 2448 statu
490 2386 680 2460 retinendos,
705 2401 794 2467 atque
819 2385 1028 2446 conservandos
1053 2403 1141 2464 prope
1158 2384 1245 2445 addu-

274 2467 340 2525 sius
357 2463 461 2540 fueris,
487 2465 564 2527 hunc
580 2465 615 2527 de
631 2465 681 2527 sua
697 2465 844 2546 dignitate
861 2465 945 2536 dejici
963 2466 1077 2543 ingrate
1093 2465 1247 2542 patereris.

273 2545 390 2606 Verum
417 2544 487 2607 frea
504 2547 581 2607 ratio
610 2546 644 2607 in
667 2546 743 2608 hanc
767 2544 890 2606 caussam
913 2560 943 2605 te
968 2544 1062 2624 magis
1078 2541 1246 2602 inflamma-

273 2625 346 2700 vit,
369 2646 433 2706 quae
455 2627 515 2698 jam
541 2625 677 2687 omnibus
696 2625 746 2689 vul
768 2641 817 2688 ata
835 2625 894 2699 est,
914 2644 1036 2706 quaque
1053 2623 1083 2683 iu
1108 2623 1244 2689 omnium

275 2723 327 2765 ore
350 2706 498 2780 versatur,
521 2722 549 2767 te
573 2708 605 2767 in
631 2707 686 2767 hoc
710 2646 821 2776 iudicio
847 2707 947 2767 onmia
970 2703 1024 2769 esse
1049 2719 1241 2776 conaturum,

273 2785 548 2860 nihilomissurum,
564 2787 658 2849 uitam
669 2785 767 2865 potius
784 2785 969 2858 amissurum,
991 2803 1081 2865 quarn
1092 2799 1125 2847 ut
1144 2799 1172 2842 tc
1190 2783 1242 2842 Pa

272 2881 364 2923 trono
379 2865 429 2924 isle
447 2865 481 2924 de
497 2866 631 2926 Ciuitate
647 2865 815 2939 dejiciatur,
837 2883 989 2946 propterea
1014 2862 1110 2944 quod,
1132 2860 1215 2922 Cons
1230 2895 1243 2909 ·

272 2943 352 3005 latus
381 2943 424 3003 tui
450 2963 492 3003 res
538 2945 649 3004 raeclare
673 2944 757 3022 gellae
783 2960 816 3005 ut
831 2945 868 3005 ab
884 2947 936 3006 islo
954 2941 1129 3014 scribantur,
1150 2939 1244 2999 maxia

272 3041 322 3097 me
339 3021 477 3082 omnium
494 2964 745 3096 adesimvereor,
764 3043 799 3084 ue
823 3024 881 3084 alio
898 3020 1076 3082 defendendo
1098 3036 1126 3079 te
1148 3018 1241 3095 ipsum

273 3100 374 3162 nimiae
390 3099 562 3161 ambitionis
580 3100 708 3161 accusare
724 3102 869 3162 videaris.
887 3102 934 3160 Ad
950 3119 1040 3180 quam
1058 3097 1142 3157 islam
1159 3113 1240 3158 tuam

274 3182 400 3260 gloriam
423 3180 452 3241 id
478 3180 570 3254 satis,
595 3180 733 3260 superque
758 3181 810 3238 esse
835 3179 959 3250 debuit,
985 3194 1013 3236 te
1039 3175 1107 3235 scire
1132 3175 1163 3239 in
1188 3190 1240 3236 tuo

272 3260 438 3321 Consulatu
465 3259 568 3321 Patria
593 3257 734 3339 nusquam
752 3255 896 3326 defuisse,
919 3256 1021 3320 omnia
1046 3254 1158 3327 vidisse,
1176 3274 1240 3333 pro·

274 3340 403 3415 vidisse,
430 3339 543 3402 nullam
570 3354 652 3399 tuam
677 3337 825 3416 propriam
852 3337 974 3397 salutem
999 3334 1057 3403 eius
1082 3333 1165 3395 saluti
1190 3354 1242 3395 an.

272 3421 436 3500 teposuisse,
460 3439 549 3499 quem
567 3418 604 3478 ob
622 3415 821 3480 conservatam
839 3417 941 3495 Remp.
963 3414 1051 3477 Cives
1060 3415 1103 3476 tui
1120 3412 1181 3493 post
1196 3412 1236 3474 fe·

274 3497 440 3561 licissunam
464 3500 546 3561 illam
568 3496 768 3558 redutiionem
789 3513 887 3569 tuam,
908 3515 975 3556 cum
999 3494 1097 3571 ltalia·
1112 3495 1239 3556 humeris

271 3579 303 3638 in
326 3579 455 3640 Patriam
477 3577 661 3649 revediuses,
683 3575 734 3637 sua
754 3575 872 3656 sponte,
887 3595 921 3634 ac
942 3573 1163 3636 conslantislnne
1186 3575 1239 3634 Pa-

269 3674 385 3720 rentem
411 3659 513 3718 Patria
543 3656 750 3795 appellassent.
788 3658 830 3717 At
859 3655 1035 3734 posterorum
1063 3654 1234 3717 memoriam

267 3739 341 3798 huic
365 3738 496 3797 accedere
517 3758 556 3798 vo
572 3739 616 3797 ui.
639 3739 680 3798 Ar
703 3752 787 3798 tuum
810 3734 895 3795 isium
912 3734 1105 3796 Consulatum
1125 3756 1143 3795 a
1162 3734 1236 3793 Scri·

264 3833 391 3900 prorum
421 3816 556 3883 omnium
585 3817 700 3904 optimo
727 3817 762 3883 L
786 3815 892 3888 Lucet>
920 3815 1066 3885 memorie
1085 3810 1236 3948 inaudlgti,

485 3929 487 3934 ·
1136 3909 1172 3955 lu
