3000 4559
525 467 939 527 oRATroNEs
1138 466 1176 549 Q

252 544 481 629 presentiam
497 547 539 606 rei
553 545 670 608 summae
678 544 840 628 periculum
857 545 980 618 certius,
1000 546 1134 629 armagis
1149 568 1225 630 pres

253 626 316 689 sens
346 625 443 701 offerri
474 646 533 687 non
601 623 671 687 siit.
702 627 783 687 Nam
807 625 827 685 si
847 624 895 686 hic
917 643 1038 706 quoquo
1059 626 1146 687 modo
1163 645 1217 691 aut

252 727 285 767 ca
307 708 403 782 iatur,
422 724 474 768 aut
494 706 555 767 occi
595 723 660 780 tur,
682 722 746 767 tum
767 726 834 766 cum
855 725 891 766 eo
909 702 1009 786 postea
1022 701 1130 765 bellum
1151 727 1217 769 eon·

252 729 388 861 felium,
409 804 496 868 atque
517 785 662 866 sepultum
683 784 747 858 est,
770 784 912 867 hostisque
933 782 1029 846 visiot
1049 784 1151 845 omnia

254 865 354 942 titur,
376 882 409 928 ut
429 864 525 927 nostra
543 864 693 929 memoria·
708 865 860 927 Francisco
881 863 987 927 Galliae
1009 863 1087 946 Regi
1108 862 1145 924 ad
1164 806 1220 926 ii

253 946 355 1007 cinum
374 945 504 1009 evenisse·
517 945 650 1021 constat,
665 946 721 1028 qui·
740 945 853 1026 optimo
848 943 1024 1089 ³peditatu,
1046 942 1164 1007 meliori
1178 959 1222 1005 et·

256 1023 315 1085 iam
337 1027 471 1109 equitatu
491 1023 717 1106 paratiffimus,
740 1041 772 1087 at
793 1046 828 1086 ue
885 1046 944 1101 eo,
965 1024 1017 1106 qui
1038 1022 1150 1086 hollem
1170 1020 1222 1087 ob-

253 1100 380 1182 sessum,
400 1106 519 1187 jamque
538 1103 615 1166 lame
636 1105 769 1168 enectum
811 1104 938 1181 abebat,
956 1102 1052 1167 subita
1070 1120 1170 1167 tamen
1190 1124 1226 1165 e-

254 1180 298 1253 ius
319 1205 355 1246 ex
377 1185 453 1247 Urbe
473 1185 625 1265 eruptione
641 1182 733 1261 satia,
754 1186 886 1266 capitur3
906 1205 967 1277 quo
982 1201 1086 1267 capto,
1107 1182 1220 1247 bellum

253 1263 418 1325 tonseslum
438 1263 479 1325 est
495 1284 511 1334 ;-
533 1266 612 1346 pacis
632 1265 813 1328 conditiones
834 1265 870 1327 ad
890 1264 1011 1328 victoris
1033 1265 1222 1327 voluntatem

256 1341 397 1424 impositae
428 1343 494 1405 sunt
513 1360 529 1412 3·
552 1346 604 1424 qui
632 1345 653 1405 ti
680 1344 800 1426 plagam
828 1344 913 1407 illam
935 1342 1038 1405 absens
1055 1340 1222 1424 accepisset,

256 1425 402 1485 continuo
420 1438 535 1503 poterat
550 1444 662 1485 novum
678 1424 837 1487 exercitum
853 1422 1048 1498 conscribere,
1065 1442 1159 1485 novas
1173 1442 1223 1483 co·

256 1502 321 1640 pias
342 1521 527 1582 comparare,
548 1501 659 1564 bellum
674 1503 868 1585 redintegrare
875 1524 885 1573 3
905 1520 992 1582 capto
1012 1522 1100 1577 vero,
1121 1499 1224 1565 omnia

266 1601 338 1642 ecus
355 1601 491 1655 evenere,
514 1584 613 1644 multo·
627 1582 721 1645 etiam
735 1583 834 1663 pejus,
852 1583 944 1657 caeso,
960 1579 1133 1644 evenissent.
1152 1581 1224 1642 Huc

257 1659 388 1736 accedit,
405 1660 484 1751 quod
504 1682 565 1723 non
585 1682 601 1724 e
621 1664 717 1744 Regia
736 1662 886 1745 dignitate
902 1663 955 1725 elle
969 1661 1103 1735 videtur,
1123 1676 1156 1723 ut
1172 1661 1224 1723 hic

259 1742 354 1802 noster
374 1737 462 1815 fecit,
480 1758 513 1802 ut
533 1742 596 1803 Rex
615 1743 793 1819 maximus,
809 1742 888 1825 quast
909 1762 980 1805 cnm¹
998 1741 1121 1823 privatis
1142 1740 1224 1804 mili·

259 1818 336 1880 tibus
357 1818 389 1879 in
408 1836 556 1882 certamen
574 1820 755 1885 descenderet
773 1845 782 1896 3
804 1843 907 1885 vetum
926 1821 946 1883 si
969 1837 1074 1886 contra
1091 1820 1224 1883 hostium·-

255 1917 377 1980 guoque
405 1901 468 1962 Rex
498 1900 586 1963 suum·
613 1902 777 1965 errercitumv
794 1904 935 1978 duceret,
956 1917 1022 1965 tum
1044 1904 1154 1984 aequius
1176 1921 1222 1963 res

263 1979 322 2057 geri
343 1978 505 2055 videretur,
526 1999 595 2042 cum·
615 1982 921 2063 utriusqueexercitus
956 2003 989 2043 ar
1003 1982 1160 2043 austeritas
1176 1979 1223 2043 in·

264 2056 438 2131 tercederet3
467 2076 500 2120 ut
519 2063 682 2122 Turcarum
703 2064 798 2141 Reges
820 2002 1022 2123 bellicosissimi
1043 2058 1134 2121 facere
1156 2081 1225 2121 con-

266 2132 399 2213 suevete,
428 2139 480 2220 qui
500 2140 615 2220 quoties
638 2141 774 2201 audivere
796 2140 847 2202 sibi
868 2140 1060 2220 pugnandum
1082 2139 1135 2199 elle
1156 2159 1226 2199 cum

265 2212 385 2295 bostium
407 2218 504 2297 Rege,
527 2235 615 2298 atque
636 2218 833 2297 Imperatore,
855 2239 949 2298 neque
970 2216 1029 2299 ipsl.
1042 2217 1124 2278 domi
1145 2237 1232 2277 man·

266 2290 320 2357 sere
340 2296 443 2369 otiosi,
464 2295 511 2356 seu
533 2294 559 2355 se
580 2296 610 2355 in
632 2297 691 2355 illis
712 2295 796 2356 bellis
817 2314 925 2358 contra.
940 2296 1135 2374 Imperatores
1157 2314 1228 2374 pta·

267 2368 347 2439 buere
364 2416 380 2434 .-
403 2373 486 2447 Quid
515 2393 584 2434 vero
612 2374 635 2433 si
662 2375 728 2436 Rex
748 2375 800 2435 iste
821 2375 881 2436 hoc
897 2374 987 2436 modo
1008 2373 1044 2435 ad
1065 2374 1226 2436 exercitum

268 2450 346 2515 suum
369 2450 560 2513 multifariam
580 2452 656 2514 hosti
679 2452 731 2516 suo
748 2453 874 2534 prodesse
897 2452 1031 2516 videtur?
1054 2455 1126 2516 Duo·
1141 2453 1225 2528 sunt,

267 2531 369 2670 puibus
390 2531 571 2594 homiues-in
591 2531 702 2595 bellicis
719 2534 852 2615 periculis
868 2533 1033 2609 versantur,
1056 2535 1084 2595 se
1107 2554 1142 2596 ue
1182 2555 1225 2612 re·

278 2612 337 2673 enti
359 2612 452 2673 morti·
468 2612 591 2682 objicere
611 2634 675 2674 non·
700 2613 836 2676 dubitant
853 2632 867 2687 ;·
893 2633 1008 2695 magne
1056 2634 1091 2675 rae
1136 2555 1226 2694 spes

269 2689 385 2753 alterum
403 2710 417 2766 3·
442 2692 566 2754 alterum
595 2694 712 2755 summe
734 2694 838 2775 gloriae
866 2693 1016 2756 summum
1034 2633 1224 2765 iefiderium

269 2786 389 2859 quorum
418 2786 542 2854 utroque
570 2772 646 2834 nihil
666 2774 785 2851 majus,
812 2795 911 2857 neque·
933 2772 1117 2855 prestantius
1139 2772 1227 2836 offer-

269 2866 291 2908 n
318 2850 441 2930 potest,
463 2873 554 2934 quam
581 2874 649 2914 cum
677 2855 744 2916 Rex
770 2854 830 2936 ipse
857 2855 978 2934 praesens
1008 2853 1119 2916 bellum
1141 2854 1227 2915 suum

268 2928 467 2992 administrat.
495 2932 562 2993 Hoc
584 2934 666 2993 enim
686 2948 773 3013 capto
792 2954 860 2995 cum
882 2934 995 3014 ingenti
1015 2934 1111 3011 preda
1131 2933 1225 2993 maxi-

267 3026 311 3069 ma
328 3009 428 3101 gloria
444 3010 540 3071 vidior
562 3010 593 3070 in
615 3011 734 3074 Coelum
754 3011 845 3074 fertur
859 3034 868 3083 3
897 3032 957 3093 quo
986 3011 1118 3090 impulsu:
1135 3011 1226 3073 hostis

266 3086 427 3165 carebit,-si
447 3088 496 3150 hic
519 3089 616 3168 magis
628 3089 726 3164 dorni,
745 3112 835 3171 quam
856 3091 893 3153 ad
914 3090 1092 3163 exercitum,
1113 3087 1226 3151 bellum

268 3167 399 3231 errabit.
425 3167 563 3241 Deinde,
593 3167 672 3248 quod
693 3188 754 3228 non
774 3185 888 3230 tantum
912 3166 1104 3240 formidinis,
1135 3182 1225 3248 atque

266 3263 358 3311 metus
379 3248 431 3310 sua
450 3248 501 3309 isle
520 3245 669 3328 prasentia
690 3246 764 3308 hosti
785 3246 847 3328 [ut
861 3247 909 3309 illi
924 3246 1028 3307 dicunt
1042 3245 1061 3326 ].
1077 3245 1233 3321 injecerit,
1291 3320 1295 3325 ⁴

265 3342 410 3407 quantum·
434 3328 528 3390 etiam*
554 3326 667 3402 studii,
694 3340 782 3408 atque
810 3325 904 3388 virilis
922 3341 1048 3388 conatus·
1070 3326 1102 3387 in
1122 3326 1224 3391 eodem

267 3407 421 3470 excitarit.
451 3410 532 3469 Nam
560 3426 628 3468 cum
656 3405 704 3468 hic
724 3426 788 3469 rem
808 3404 1135 3470 interius-confidembit
1149 3452 1165 3484 ,.
1189 3428 1224 3472 ae

265 3482 374 3567 Regem
394 3487 561 3568 presentem
584 3487 641 3549 suis
660 3486 697 3547 in:
711 3484 885 3549 consulendo
898 3529 912 3560 ,-
930 3485 1095 3563 hortando,
1109 3488 1229 3570 agendo

268 3563 426 3643 plurimum
443 3565 583 3647 prodesse,
603 3567 749 3648 nusquam·
762 3566 815 3628 sibi·
832 3565 937 3642 deesse,
959 3567 1065 3629 omnia·
1079 3568 1223 3633 adunam

271 3645 424 3709 risloriam
444 3645 598 3726 prudenter
616 3646 696 3708 obire
709 3690 725 3722 ,
749 3645 865 3708 senserit
880 3687 895 3720 ,-
909 3662 977 3709 tum-
995 3663 1027 3710 ut
1049 3648 1099 3711 fibi
1119 3665 1229 3711 contra

271 3718 324 3787 hec
346 3726 449 3791 eadem
471 3725 533 3787 ase
547 3744 713 3807 comparet,
733 3727 817 3789 omni
837 3723 948 3803 studio,
967 3729 1049 3790 omni
1068 3729 1224 3810 diligentia

271 3805 443 3885 sonabitur,
468 3820 556 3887 atque
575 3826 675 3873 omues
694 3827 798 3872 nervos
818 3850 828 3885 ,
856 3825 955 3873 omnes
975 3816 1052 3872 vires
1074 3807 1230 3881 intendet,

1147 3901 1189 3942 ne
