3000 4559
453 460 458 469 '
520 459 997 530 :vestrorvm
1170 488 1212 532 ot

281 553 334 609 tus
354 541 397 608 ita
416 536 559 616 iudicavit
575 563 590 614 r
615 560 710 626 neque
729 541 755 603 is
774 554 827 604 ¹tun
851 558 983 619 temere,
1003 555 1055 604 aut
1074 544 1166 609 animi
1187 551 1249 623 ussa

323 623 502 691 tturbstione
529 621 656 694 iudicare
685 621 781 685 solet.
808 621 889 698 Quid
918 641 988 704 ergo
1017 624 1042 684 is
1062 640 1125 686 tum
1146 627 1248 692 sensit?

276 644 353 847 ἔφα
372 703 487 781 dicam,
508 702 539 766 ἀ
559 703 658 785 paucis
678 701 795 779 dicam,
814 701 928 774 Judices
948 747 956 763 .
977 704 1057 778 Quia
1078 706 1166 769 nimis
1187 707 1248 772 sero

274 784 408 849 Codius
431 781 598 847 intersertos
620 782 661 846 est
676 827 686 860 ,
702 781 732 845 id
750 782 872 849 Senatus
893 800 996 845 contra
1016 783 1120 864 Remp.
1142 787 1247 850 cadem

273 863 393 928 sustam
413 863 468 928 esse
488 862 658 936 iudicavit.
687 864 752 937 Jam
787 863 863 925 idem
892 864 972 925 enim
1003 879 1118 927 tantum
1141 865 1248 943 scelus,

277 958 400 1008 ¹tantam
418 943 527 1028 pestem
548 963 585 1006 ex
605 941 685 1005 Urbe
705 943 773 1006 toli
795 942 924 1005 maxime
945 944 1080 1005 omnium
1103 943 1247 1009 bonorum

276 1022 430 1088 intertitit.
452 1024 533 1100 Quia
555 1042 625 1085 vero
644 1023 752 1098 cedes,
772 1022 902 1099 Iudices,
922 1022 1126 1113 impurissimi,
1147 1041 1179 1087 ac
1196 1025 1247 1088 fla-

303 1102 455 1167 itiosissnni
476 1102 624 1178 latronis,
653 1121 742 1186 atque
770 1103 856 1185 Reip.
875 1104 1011 1166 eversoris
1041 1120 1103 1167 tam
1125 1105 1186 1167 sero
1207 1106 1248 1168 sa-

310 1182 413 1260 aesi,
443 1182 474 1246 id
492 1184 615 1246 Senams
633 1202 650 1244 e
669 1184 742 1264 Rep.
763 1205 824 1248 non
844 1181 948 1260 fuisse,
977 1182 1177 1326 existJ'mavit.
1208 1186 1245 1247 ld

273 1264 359 1346 quod
386 1265 511 1327 Senatus
539 1263 549 1321 i
571 1261 598 1322 se
619 1262 693 1325 assas
712 1263 804 1326 etiam
825 1263 1002 1339 declaravit,
1022 1283 1038 1325 c
1060 1284 1089 1325 m
1112 1265 1244 1327 Deorum

274 1345 463 1406 ceremonias
484 1342 522 1404 ab
541 1283 595 1403 isto
618 1342 680 1422 ipso
700 1343 853 1417 violatas,
884 1342 962 1404 istius
993 1343 1078 1422 ipsius
1101 1342 1244 1425 supplicio

278 1422 440 1503 expiandas
469 1421 520 1484 esse
534 1421 685 1485 decrevit.
715 1420 758 1485 Et
778 1423 858 1504 quod
878 1441 1041 1505 numquam
1065 1443 1083 1484 a
1102 1425 1246 1503 corruptis

279 1501 429 1574 iudicibus
452 1501 606 1582 impetrare
628 1502 743 1593 potuit,
764 1507 861 1576 irunc,
882 1522 949 1564 cum
972 1502 1049 1565 ultro
1070 1501 1098 1562 ei
1119 1501 1156 1563 ab
1170 1503 1246 1583 opti·

277 1600 349 1656 mo,
370 1602 404 1643 ac
424 1579 577 1644 fortissimo
598 1580 674 1643 Cive
682 1582 814 1646 delatum
835 1581 899 1657 est,
918 1581 1029 1643 sasium
1049 1580 1246 1663 improbabit,

275 1676 369 1742 atque
390 1677 492 1724 contra
512 1660 540 1722 se
561 1658 671 1724 fassum
693 1662 746 1724 esse
767 1660 934 1733 judicabit?
954 1661 1035 1739 Quid
1056 1682 1143 1737 veto,
1164 1660 1244 1735 Judi-

275 1759 342 1816 ees,
362 1739 383 1802 fi
405 1761 506 1803 omnes
527 1740 653 1817 scimus,
670 1741 788 1824 quoties
811 1743 841 1805 in
865 1743 972 1805 Senatu
993 1744 1086 1805 caussa
1102 1742 1160 1804 hac
1178 1740 1243 1805 asia

272 1819 342 1895 est,
365 1820 434 1883 huic
455 1819 542 1884 toties
564 1821 757 1885 Senatum&
776 1822 952 1899 sententiis,
975 1821 1006 1884 δι
1027 1821 1127 1884 studiis
1148 1822 1243 1884 maxi·

271 1917 326 1962 me
347 1897 473 1964 favisse?
502 1921 569 1964 curn
586 1900 622 1963 in
641 1899 871 1986 frequentissimo
892 1903 1001 1965 Senatu
1022 1903 1073 1965 vix
1094 1920 1240 1984 quatuor,

272 1978 315 2042 nd
334 1978 480 2045 summurn
522 1982 630 2063 uinque
650 1983 757 2064 teperti
778 1980 869 2058 sunt,
896 1982 949 2064 qui
970 2002 1034 2043 eam
1056 2003 1116 2044 non
1139 1981 1241 2060 proba·

268 2057 356 2122 tenti
378 2063 478 2136 Quam
499 2000 623 2123 senatus
643 2061 836 2144 aequissimam
855 2063 1040 2124 voluntatem
1061 2060 1112 2123 iste
1131 2061 1240 2123 Tribu-

271 2156 330 2202 nus
351 2139 443 2220 piebis
457 2141 497 2203 'in
517 2141 574 2203 suis
593 2140 631 2202 ad
652 2141 795 2221 populum
817 2140 1015 2203 Concionibus
1036 2140 1067 2201 in
1089 2139 1240 2201 Ciceronis

270 2219 402 2300 gratiam
415 2220 569 2282 cuiminari
583 2240 644 2281 non
662 2219 806 2294 cessabat,
824 2219 968 2280 invidiose
987 2217 1137 2292 clamans,
1152 2219 1240 2277 Sena·

267 2312 357 2374 turn,
377 2318 439 2361 non
459 2298 539 2381 qnod
560 2297 697 2371 sentiret,
719 2297 766 2360 sed
787 2297 865 2380 quod
888 2297 993 2356 Cicero
1012 2296 1119 2369 vellet,
1144 2295 1239 2358 decer·

266 2396 357 2440 nere.
376 2372 418 2440 Et
440 2392 560 2459 pergent
581 2377 628 2438 isti
648 2374 749 2441 nefarii
770 2376 873 2450 sicarii,
892 2375 1066 2446 judiciorum
1086 2380 1237 2454 corrupto,-

269 2457 327 2531 ris,
351 2455 499 2533 sororum,
520 2477 553 2518 ac
573 2458 702 2520 Deorum
722 2455 965 2537 constupratoris,
988 2454 1133 2516 sacrorum
1149 2456 1238 2517 Tem·

267 2535 389 2620 plorum
408 2534 630 2601 inflammator-is
659 2554 722 2601 tam
747 2536 877 2611 utilem,
908 2551 968 2596 tam
992 2555 1027 2597 ue
1045 2533 1236 2598 honorificam

267 2615 378 2678 cadem
397 2634 500 2680 contra
519 2620 624 2698 Remp.
640 2615 758 2680 satiem
785 2616 924 2678 Senatum
944 2554 1101 2687 juiicnre?
1129 2615 1235 2698 quod,

269 2690 629 2779 nisrimpudentissimuS,
648 2699 834 2780 maximeque
855 2695 963 2777 impius
984 2696 1044 2771 sit,
1064 2693 1154 2758 sacere
1173 2716 1235 2757 non

268 2776 379 2858 posset,
398 2798 467 2841 cum
486 2798 588 2841 ornnes
604 2777 709 2842 caussas
725 2777 849 2852 haheat,
870 2774 974 2860 quibus
990 2792 1094 2838 contra
1109 2773 1233 2849 iudicet,

270 2853 414 2930 nullam,
441 2859 522 2940 quod
551 2859 595 2921 ita
622 2859 751 2922 sentiat.
791 2857 857 2920 Nisi
888 2874 987 2919 tamen
1007 2855 1072 2930 isti,
1092 2852 1234 2917 Clodium

268 2953 339 2995 eum
360 2933 430 3012 esse,
445 2939 700 3020 contendant,qui
721 2936 806 3001 nobis
822 2935 986 2999 consiando
1006 2934 1129 2999 restituit
1152 2953 1233 3004 rem;

265 3028 322 3095 aut
349 3012 402 3103 qui
429 3016 509 3094 prior
538 3016 668 3079 Africam
697 3018 821 3098 imperio
851 3016 948 3077 nostro
977 3013 1110 3083 adiunxit
1131 3032 1153 3095 5Ι
1177 3027 1230 3079 aut

313 3091 434 3169 sterror,
455 3095 509 3176 qui
529 3093 739 3176 Carthaginem
762 3097 830 3158 huic
851 3095 925 3157 Urbi
944 3090 1169 3154 inimicissimam
1190 3089 1234 3151 so·

281 3193 300 3234 o
321 3175 469 3255 aequavit;
492 3189 544 3236 aut
564 3173 632 3235 deni
654 3195 689 3235 ue
709 3194 784 3236 unus
804 3194 840 3235 ex
860 3174 927 3249 eis,
948 3173 1001 3254 qui
1023 3169 1119 3250 Regio
1139 3168 1232 3231 dorni·

266 3268 340 3315 natu
361 3252 523 3316 Civitatem
545 3194 801 3329 hanciiberavit,
829 3271 917 3334 atque
945 3253 976 3312 in
1006 3244 1158 3331 pristinum
1179 3248 1233 3311 sia·

267 3348 333 3395 tum
354 3332 548 3410 vendicavit,
569 3353 688 3417 quoque
707 3332 821 3406 stante,
845 3332 928 3411 Resp.
951 3328 1082 3406 floreret,
1103 3346 1138 3391 eo
1158 3350 1230 3395 vero

268 3411 405 3488 cadente,
428 3413 544 3478 tota&
566 3414 628 3494 ipsa
643 3426 804 3487 corrueret,
827 3428 857 3473 at
880 3431 915 3472 ue
935 3409 1064 3474 funditus
1081 3408 1228 3477 inter-iret.

267 3489 325 3555 Cui
344 3491 596 3573 prudentissimus,
618 3513 652 3556 ac
667 3490 843 3575 gratissimus
857 3432 1001 3566 senatus,
1022 3492 1139 3573 quando
1159 3512 1228 3555 eum

267 3570 399 3635 reducem
409 3572 545 3636 invitam
555 3572 810 3655 facerenequiret,
834 3570 909 3632 hanc
929 3571 955 3632 ei
964 3586 1077 3633 tantam
1098 3573 1226 3652 gratiam

265 3648 369 3712 referre
377 3652 521 3729 voluerit,
542 3653 663 3736 quinon
673 3651 884 3714 modonullum
895 3651 1000 3713 horum
1018 3652 1170 3735 vestigium
1180 3653 1225 3714 in·

265 3728 1225 3816 siitit,sedconttaomnia,quaeissisuavirrutenobisamplissrma

264 3810 1228 3948 peperere,eripere,atque-peromniasceleraauserreeonablatur.·
1270 3886 1272 3895 Ι

1155 3908 1185 3947 0·
1261 3924 1265 3940 v
