3000 4559
529 470 943 534 ORATIONBs
1124 493 1178 554 πῃ

258 549 425 632 imprudens
446 548 534 626 esset,
565 550 615 634 qui
639 551 670 612 id
691 550 718 611 ei
740 570 880 634 umquam
911 552 1007 631 polica
1028 551 1218 633 patefaceret.

259 632 339 707 Quin
360 631 450 693 etiam
472 647 591 711 argutus
612 629 665 691 esse
688 629 802 705 voluit,
823 651 890 693 curn
911 629 1007 692 nescio
1029 633 1098 714 quid
1115 634 1142 695 se
1159 635 1219 715 pal-

257 730 294 851 pp
313 710 353 772 ab
373 710 464 773 altero
486 711 702 780 conjuratorum
723 709 833 772 tasium
855 711 905 772 esse
926 709 1014 772 dixit.
1043 713 1075 771 0
1092 709 1220 776 facetissi-

288 811 306 853 u

308 811 338 853 m
360 789 548 851 nebulonem!
579 789 771 869 Argumentis
792 788 952 852 fortissimis
982 809 1024 852 res
1058 792 1219 867 maxima,

258 880 317 933 lton
340 869 488 941 ridiculis,
509 869 539 932 in
560 868 675 939 iudiciis
696 868 870 951 probantur:
892 869 979 932 dubia
999 869 1108 940 judicia
1127 872 1221 933 certis-

258 950 333 1012 simis
356 949 516 1012 rationibus
537 947 713 1024 firmantur,
735 970 795 1010 non
815 966 914 1012 autem
937 949 997 1013 istis
1020 950 1078 1012 tuis
1095 951 1221 1032 ineptio-

260 1030 311 1091 lis.
334 1029 446 1092 Contra
467 1029 566 1102 mihi,
594 1029 730 1090 Hercules
762 1030 923 1111 Princeps,
953 1029 984 1092 in
1007 1030 1061 1091 hac
1085 1050 1151 1093 mea
1171 1031 1220 1092 de·

258 1106 383 1172 lenfione
411 1109 526 1171 evenire
555 1108 671 1182 sentio,
697 1124 785 1190 atque
815 1110 859 1171 ilii
887 1110 920 1171 io
948 1110 1008 1179 ejus
1036 1110 1220 1174 accusatione

258 1189 347 1272 paulo
367 1204 434 1251 ante
464 1186 589 1249 accidere
618 1185 766 1250 videbam.
797 1188 852 1253 Iste
874 1190 954 1251 enim
975 1189 1080 1271 quibus
1109 1191 1222 1253 accusa·

259 1270 371 1332 tionem
400 1269 480 1345 suam
501 1267 569 1329 saris
597 1266 809 1344 confirmaret,
838 1268 919 1330 nulla
947 1286 1120 1349 argumenta
1141 1290 1223 1352 repen

258 1348 377 1422 tiebat3
408 1348 483 1409 mihi
503 1363 603 1409 contra
622 1348 653 1409 in
674 1368 708 1410 ea
729 1348 790 1429 ipsa
819 1348 954 1410 diluenda
976 1364 1021 1410 tot
1040 1365 1223 1422 occurrunt,

259 1445 292 1495 ut
313 1427 517 1492 multoeciam
541 1427 586 1488 ilii
606 1446 693 1508 cogar
715 1427 895 1491 condonate.
924 1428 991 1490 Hoc
1014 1444 1112 1490 tamen
1132 1429 1224 1490 omits

257 1522 319 1572 tete
340 1530 399 1570 non
433 1507 555 1588 possum.
586 1506 683 1569 Habet
705 1506 752 1568 hic
781 1507 875 1570 nollet
895 1506 1061 1583 Ferraria,
1089 1508 1121 1569 in
1142 1508 1223 1571 Urbe

258 1605 335 1663 rua,
358 1588 518 1668 Princeps,
539 1586 665 1649 socerum
688 1585 770 1649 suum
787 1630 797 1660 ,
817 1607 904 1726 quem
925 1586 1035 1648 dissum
1058 1586 1122 1662 esi,
1143 1588 1224 1656 huno

258 1668 388 1751 parentis
408 1667 472 1729 loco
493 1667 542 1747 pie
560 1666 679 1741 colere,
699 1668 823 1747 pecunio
835 1666 959 1729 lffimum
980 1666 1128 1743 Judaeum,
1145 1669 1191 1730 cui
1209 1711 1220 1744 ,

259 1747 377 1811 nullum
406 1745 525 1809 dubium
545 1747 609 1822 est,
640 1746 659 1807 st
683 1766 824 1830 umquam
853 1746 899 1808 illi
928 1763 1044 1810 tanturn
1076 1746 1164 1810 scelus
1186 1749 1220 1808 in

259 1844 390 1891 mentem
418 1828 564 1901 venisset,
591 1826 664 1909 quin
686 1826 715 1887 in
738 1827 841 1908 primis
863 1847 973 1908 magno
1010 1848 1039 1889 re
1060 1827 1222 1902 timuisset,

280 1909 332 1970 uin
360 1927 419 1978 eius
440 1908 583 1969 rationem
611 1922 678 1969 ante
706 1908 807 1969 omnia
831 1907 976 1989 diligentis
990 1927 1081 1968 imam
1106 1907 1221 1969 habuis-

259 1929 318 2052 iet.
339 1988 443 2069 Neque
459 1988 514 2050 hoc
532 1986 597 2049 loco
612 2030 621 2061 ,
643 1986 805 2067 Princeps,
821 2007 884 2068 qua
901 1988 1023 2067 possem,
1042 1987 1142 2048 omnia
1159 2006 1224 2067 per-

262 2067 364 2150 sequor
380 2088 389 2138 3
408 2067 438 2128 id
464 2082 580 2129 tantum
605 2065 691 2140 dico,
719 2073 885 2145 graviorem
914 2066 1107 2128 adversarium
1137 2086 1221 2128 reum

261 2146 411 2209 hominem
428 2145 543 2207 nullum
562 2141 680 2219 habere,
708 2164 798 2225 quam
817 2144 900 2218 sciri,
919 2145 947 2206 se
961 2146 1013 2206 elle
1030 2146 1157 2206 maxime
1173 2163 1225 2223 pe-

260 2223 435 2290 cuniosum.
464 2226 546 2286 Nam
562 2223 583 2284 li
600 2222 656 2283 Vir
682 2222 928 2287 innocenciffimus
946 2267 956 2295 ,
977 2223 1110 2302 idemque
1135 2223 1226 2282 Chri-

261 2306 370 2373 stianus
389 2305 420 2366 in
437 2303 577 2373 judicium
594 2301 751 2363 adducatur
768 2345 777 2375 ,
799 2301 887 2362 modo
903 2320 1002 2363 rumor
1018 2301 1052 2361 stt
1067 2320 1159 2374 ,eum
1175 2299 1224 2361 be-

261 2406 300 2455 ne
316 2403 455 2464 magnam
472 2383 627 2462 pecuniam
644 2379 675 2440 in
689 2379 918 2460 arcaposlidere,
933 2379 1076 2441 continuo
1087 2376 1225 2442 omnium

259 2461 492 2530 sceleratissimus
516 2460 566 2522 lit.
595 2458 694 2521 Telles
716 2457 930 2540 locupletissimi
955 2458 1072 2534 iurati,
1105 2459 1224 2531 injurati

263 2542 395 2626 undique
420 2556 596 2616 accurrunt,
619 2539 670 2621 qui
694 2540 789 2602 multo
804 2539 915 2623 plura,
937 2539 1089 2622 multoque
1108 2539 1228 2622 gravio

262 2645 316 2698 ta,
348 2642 454 2706 quam,
474 2641 536 2704 qua
557 2636 747 2704 quantumi,
776 2620 807 2683 in
830 2640 897 2683 eum
920 2641 956 2683 ne
977 2618 1088 2700 syllaba
1102 2618 1223 2702 quidem

263 2704 452 2786 discrepantes
476 2701 628 2764 testantur.
657 2697 798 2776 Quaefiror
821 2701 923 2764 omnia
947 2699 1065 2775 versat,
1091 2720 1222 2763 commo-

265 2798 316 2849 ret
340 2827 351 2860 ,
379 2782 557 2864 investigat,
586 2781 708 2855 etiarn,
758 2801 801 2843 uae
829 2801 991 2867 numquam
1019 2779 1158 2855 fuerunt,
1188 2780 1221 2841 in

263 2861 389 2929 caussam
404 2862 483 2924 suam
500 2859 716 2923 accommodat.
736 2801 830 2932 iudex
847 2863 899 2923 uni
915 2863 977 2930 eius
994 2860 1119 2951 pecunia
1135 2859 1224 2921 velte«

264 2957 380 3007 menter
402 2941 516 3003 inhians
540 2941 639 3003 omnia
663 2939 787 3015 audita,
808 2941 899 3006 tacita
922 2938 1077 3011 admittit,
1097 2939 1173 2999 nihil
1194 2938 1221 2998 ei

265 3044 325 3085 non
351 3022 471 3103 liquet,
490 3018 566 3079 nihil
589 3020 685 3081 minus
709 3035 789 3098 patet
806 3041 816 3092 3
836 3036 870 3082 ut
885 3019 906 3079 st
922 3018 983 3099 post
1009 3018 1118 3079 multas
1132 3015 1227 3086 cuius*

287 3121 324 3165 ue
340 3101 478 3182 generis,
498 3117 590 3178 neque
615 3098 742 3158 minutas
758 3097 979 3236 compilationes
995 3094 1107 3168 fassas,
1126 3096 1151 3156 is
1173 3095 1223 3156 ab·

298 3183 421 3256 lvatur,
451 3198 510 3241 una
531 3176 653 3257 pecunia
678 3194 738 3236 non
757 3175 825 3237 abso
838 3176 932 3238 uitur.
959 3174 1125 3238 Damnatur
1154 3175 1230 3237 sema

269 3282 318 3345 per
338 3259 479 3342 pecunia,
507 3276 540 3320 ut
560 3276 624 3339 qua
644 3253 779 3317 conclusa
798 3255 831 3317 in
850 3273 917 3317 arca
938 3274 1025 3317 omne
1043 3249 1153 3317 facinus
1173 3255 1223 3318 ad·

268 3340 401 3417 miserit,
427 3340 505 3401 Deos
529 3355 630 3401 omnes
659 3332 805 3406 violarit3
832 3335 912 3417 quasi
932 3354 968 3396 en
996 3333 1047 3395 illa
1077 3355 1141 3397 arca
1161 3356 1220 3400 noo

270 3419 408 3486 Pandora
416 3415 557 3493 bonased
577 3413 820 3479 reomalaomnia
840 3414 1027 3477 emittantur.
1054 3415 1134 3492 Quid
1142 3417 1221 3501 quod

267 3500 368 3584 sapius
388 3519 447 3564 una
465 3517 532 3561 cum
553 3495 703 3559 honorum·
717 3495 851 3557 omnium
866 3494 1052 3576 spoliatione,
1070 3515 1136 3558 cum
1153 3517 1222 3578 pra-

268 3580 342 3644 senti
399 3580 491 3643 cunia
519 3576 712 3658 direptione,
740 3595 778 3639 ae
797 3574 887 3656 apud.
953 3574 1019 3637 ulos·
1033 3575 1170 3647 iniuriam
1190 3577 1229 3639 fr·-

269 3659 348 3725 bisa
396 3679 425 3721 m
452 3658 535 3750 queri
562 3655 649 3739 possit
671 3675 762 3732 reus,
791 3671 824 3718 ut
845 3653 1052 3719 crudeislimus
1082 3657 1231 3739 patricida.

268 3740 303 3803 in
320 3741 436 3817 culeum
458 3734 598 3800 msuitutl
627 3735 667 3799 Et
686 3735 739 3812 liic
758 3734 889 3799 socerum
910 3734 991 3798 suum
1012 3737 1060 3799 vel
1080 3737 1116 3800 ad
1137 3737 1231 3797 mini-1

266 3840 350 3885 utam
368 3817 441 3885 sacti
459 3813 745 3898 istimrsuspicionem
758 3816 923 3957 inltantam
941 3816 1138 3903 calamitatem
1151 3831 1234 3952 qen.

330 3948 337 3957 .
845 3914 860 3976 3
1109 3910 1183 3960 recr-
