<?xml version="1.0" encoding="UTF-8"?>
<!DOCTYPE html PUBLIC "-//W3C//DTD XHTML 1.0 Transitional//EN"
    "http://www.w3.org/TR/xhtml1/DTD/xhtml1-transitional.dtd">
<html xmlns="http://www.w3.org/1999/xhtml" xml:lang="en" lang="en">
 <head>
  <title>
</title>
<meta http-equiv="Content-Type" content="text/html;charset=utf-8" />
  <meta name='ocr-system' content='tesseract 3.04.00' />
  <meta name='ocr-capabilities' content='ocr_page ocr_carea ocr_par ocr_line ocrx_word'/>
</head>
<body>
  <div class='ocr_page' id='page_1' title='image "./operumtomusprim00riccgoog_0117.png"; bbox 0 0 3000 4559; ppageno 0'>
   <div class='ocr_carea' id='block_1_1' title="bbox 253 482 1251 2483">
    <p class='ocr_par' dir='ltr' id='par_1_1' title="bbox 253 482 1251 2483">
     <span class='ocr_line' id='line_1_1' title="bbox 528 482 1198 565; baseline 0.001 -22"><span class='ocrx_word' id='word_1_1' title='bbox 528 482 960 553; x_wconf 56' lang='lat' dir='ltr'>&#39;olcffATrolucs</span> <span class='ocrx_word' id='word_1_2' title='bbox 1157 504 1198 565; x_wconf 73' lang='lat'>5⁹</span> 
     </span>
     <span class='ocr_line' id='line_1_2' title="bbox 273 561 1235 646; baseline 0 -18"><span class='ocrx_word' id='word_1_3' title='bbox 273 573 410 640; x_wconf 69' lang='lat' dir='ltr'>verum,</span> <span class='ocrx_word' id='word_1_4' title='bbox 437 561 516 645; x_wconf 92' lang='lat' dir='ltr'>quod</span> <span class='ocrx_word' id='word_1_5' title='bbox 531 562 635 634; x_wconf 86' lang='lat' dir='ltr'>justum</span> <span class='ocrx_word' id='word_1_6' title='bbox 653 610 663 639; x_wconf 92' lang='lat'>,</span> <span class='ocrx_word' id='word_1_7' title='bbox 684 563 764 646; x_wconf 89' lang='lat' dir='ltr'>quod</span> <span class='ocrx_word' id='word_1_8' title='bbox 785 563 937 625; x_wconf 88' lang='lat' dir='ltr'>honestum</span> <span class='ocrx_word' id='word_1_9' title='bbox 957 562 1019 636; x_wconf 80' lang='lat' dir='ltr'>sit,</span> <span class='ocrx_word' id='word_1_10' title='bbox 1041 564 1071 626; x_wconf 93' lang='lat' dir='ltr'>id</span> <span class='ocrx_word' id='word_1_11' title='bbox 1101 569 1235 632; x_wconf 82' lang='lat' dir='ltr'>omnium</span> 
     </span>
     <span class='ocr_line' id='line_1_3' title="bbox 274 641 1235 728; baseline 0.002 -23"><span class='ocrx_word' id='word_1_12' title='bbox 274 646 432 727; x_wconf 81' lang='lat' dir='ltr'>gratiam,</span> <span class='ocrx_word' id='word_1_13' title='bbox 460 644 560 704; x_wconf 88' lang='lat' dir='ltr'>omnia</span> <span class='ocrx_word' id='word_1_14' title='bbox 588 641 709 719; x_wconf 84' lang='lat' dir='ltr'>officia,</span> <span class='ocrx_word' id='word_1_15' title='bbox 729 642 830 705; x_wconf 83' lang='lat' dir='ltr'>omnes</span> <span class='ocrx_word' id='word_1_16' title='bbox 860 642 1118 725; x_wconf 82' lang='lat' dir='ltr'>propinquitates,</span> <span class='ocrx_word' id='word_1_17' title='bbox 1147 663 1235 728; x_wconf 85' lang='lat' dir='ltr'>atque</span> 
     </span>
     <span class='ocr_line' id='line_1_4' title="bbox 276 722 1239 803; baseline 0.003 -18"><span class='ocrx_word' id='word_1_18' title='bbox 276 742 378 786; x_wconf 83' lang='lat' dir='ltr'>ornnes</span> <span class='ocrx_word' id='word_1_19' title='bbox 410 723 546 785; x_wconf 75' lang='lat' dir='ltr'>amicitia</span> <span class='ocrx_word' id='word_1_20' title='bbox 570 724 786 787; x_wconf 75' lang='lat' dir='ltr'>necessitudines</span> <span class='ocrx_word' id='word_1_21' title='bbox 821 722 968 803; x_wconf 86' lang='lat' dir='ltr'>superet,</span> <span class='ocrx_word' id='word_1_22' title='bbox 1007 740 1095 803; x_wconf 89' lang='lat' dir='ltr'>atque</span> <span class='ocrx_word' id='word_1_23' title='bbox 1124 741 1239 787; x_wconf 87' lang='lat' dir='ltr'>antece·</span> 
     </span>
     <span class='ocr_line' id='line_1_5' title="bbox 275 800 1235 885; baseline 0.003 -21"><span class='ocrx_word' id='word_1_24' title='bbox 275 802 357 866; x_wconf 78' lang='lat' dir='ltr'>dat.</span> <span class='ocrx_word' id='word_1_25' title='bbox 385 802 473 881; x_wconf 90' lang='lat' dir='ltr'>Quod</span> <span class='ocrx_word' id='word_1_26' title='bbox 489 822 581 864; x_wconf 87' lang='lat' dir='ltr'>unum</span> <span class='ocrx_word' id='word_1_27' title='bbox 603 822 670 866; x_wconf 91' lang='lat' dir='ltr'>cum</span> <span class='ocrx_word' id='word_1_28' title='bbox 710 803 775 865; x_wconf 88' lang='lat' dir='ltr'>robe</span> <span class='ocrx_word' id='word_1_29' title='bbox 801 800 985 883; x_wconf 74' lang='lat' dir='ltr'>prestiteris,</span> <span class='ocrx_word' id='word_1_30' title='bbox 1016 802 1144 878; x_wconf 87' lang='lat' dir='ltr'>omnia,</span> <span class='ocrx_word' id='word_1_31' title='bbox 1172 825 1235 885; x_wconf 78' lang='lat' dir='ltr'>quae</span> 
     </span>
     <span class='ocr_line' id='line_1_6' title="bbox 274 826 1236 964; baseline 0.001 -19"><span class='ocrx_word' id='word_1_32' title='bbox 274 883 313 945; x_wconf 82' lang='lat' dir='ltr'>ad</span> <span class='ocrx_word' id='word_1_33' title='bbox 349 884 459 945; x_wconf 72' lang='lat' dir='ltr'>reslam</span> <span class='ocrx_word' id='word_1_34' title='bbox 493 826 713 946; x_wconf 78' lang='lat' dir='ltr'>administrandi</span> <span class='ocrx_word' id='word_1_35' title='bbox 751 885 895 944; x_wconf 85' lang='lat' dir='ltr'>rationem</span> <span class='ocrx_word' id='word_1_36' title='bbox 930 884 1106 964; x_wconf 83' lang='lat' dir='ltr'>pertinent,</span> <span class='ocrx_word' id='word_1_37' title='bbox 1147 883 1236 963; x_wconf 80' lang='lat' dir='ltr'>probe</span> 
     </span>
     <span class='ocr_line' id='line_1_7' title="bbox 275 961 1238 1044; baseline 0.002 -21"><span class='ocrx_word' id='word_1_38' title='bbox 275 962 462 1044; x_wconf 69' lang='lat' dir='ltr'>praestiteris.</span> <span class='ocrx_word' id='word_1_39' title='bbox 492 964 559 1026; x_wconf 85' lang='lat' dir='ltr'>Hac</span> <span class='ocrx_word' id='word_1_40' title='bbox 580 966 661 1025; x_wconf 90' lang='lat' dir='ltr'>enirn</span> <span class='ocrx_word' id='word_1_41' title='bbox 686 984 745 1025; x_wconf 88' lang='lat' dir='ltr'>una</span> <span class='ocrx_word' id='word_1_42' title='bbox 768 983 848 1044; x_wconf 84' lang='lat' dir='ltr'>aeque</span> <span class='ocrx_word' id='word_1_43' title='bbox 872 961 1018 1033; x_wconf 83' lang='lat' dir='ltr'>judicandi</span> <span class='ocrx_word' id='word_1_44' title='bbox 1044 965 1157 1025; x_wconf 87' lang='lat' dir='ltr'>ratione</span> <span class='ocrx_word' id='word_1_45' title='bbox 1184 962 1238 1025; x_wconf 88' lang='lat' dir='ltr'>Ci-</span> 
     </span>
     <span class='ocr_line' id='line_1_8' title="bbox 272 1042 1234 1124; baseline 0.001 -20"><span class='ocrx_word' id='word_1_46' title='bbox 272 1043 380 1104; x_wconf 74' lang='lat' dir='ltr'>vitates</span> <span class='ocrx_word' id='word_1_47' title='bbox 396 1045 524 1124; x_wconf 89' lang='lat' dir='ltr'>primum</span> <span class='ocrx_word' id='word_1_48' title='bbox 545 1045 668 1107; x_wconf 81' lang='lat' dir='ltr'>condita</span> <span class='ocrx_word' id='word_1_49' title='bbox 686 1044 767 1119; x_wconf 89' lang='lat' dir='ltr'>sunt,</span> <span class='ocrx_word' id='word_1_50' title='bbox 788 1043 890 1107; x_wconf 90' lang='lat' dir='ltr'>deinde</span> <span class='ocrx_word' id='word_1_51' title='bbox 911 1045 1002 1105; x_wconf 91' lang='lat' dir='ltr'>etiam</span> <span class='ocrx_word' id='word_1_52' title='bbox 1023 1044 1053 1104; x_wconf 94' lang='lat' dir='ltr'>in</span> <span class='ocrx_word' id='word_1_53' title='bbox 1062 1043 1140 1104; x_wconf 91' lang='lat' dir='ltr'>hunc</span> <span class='ocrx_word' id='word_1_54' title='bbox 1156 1042 1234 1105; x_wconf 87' lang='lat' dir='ltr'>diem</span> 
     </span>
     <span class='ocr_line' id='line_1_9' title="bbox 276 1121 1235 1205; baseline 0.001 -22"><span class='ocrx_word' id='word_1_55' title='bbox 276 1121 438 1185; x_wconf 87' lang='lat' dir='ltr'>incolumes</span> <span class='ocrx_word' id='word_1_56' title='bbox 467 1122 665 1185; x_wconf 79' lang='lat' dir='ltr'>conservata.</span> <span class='ocrx_word' id='word_1_57' title='bbox 694 1124 797 1186; x_wconf 88' lang='lat' dir='ltr'>Tollas</span> <span class='ocrx_word' id='word_1_58' title='bbox 825 1124 870 1197; x_wconf 82' lang='lat' dir='ltr'>jus</span> <span class='ocrx_word' id='word_1_59' title='bbox 886 1168 897 1199; x_wconf 89' lang='lat'>,</span> <span class='ocrx_word' id='word_1_60' title='bbox 916 1124 1046 1205; x_wconf 86' lang='lat' dir='ltr'>acquod</span> <span class='ocrx_word' id='word_1_61' title='bbox 1068 1123 1150 1185; x_wconf 90' lang='lat' dir='ltr'>suum</span> <span class='ocrx_word' id='word_1_62' title='bbox 1168 1123 1235 1198; x_wconf 79' lang='lat' dir='ltr'>eli,</span> 
     </span>
     <span class='ocr_line' id='line_1_10' title="bbox 272 1200 1234 1286; baseline -0.001 -23"><span class='ocrx_word' id='word_1_63' title='bbox 272 1202 378 1286; x_wconf 88' lang='lat' dir='ltr'>cuique</span> <span class='ocrx_word' id='word_1_64' title='bbox 398 1200 516 1264; x_wconf 86' lang='lat' dir='ltr'>reddere</span> <span class='ocrx_word' id='word_1_65' title='bbox 537 1248 546 1278; x_wconf 90' lang='lat'>,</span> <span class='ocrx_word' id='word_1_66' title='bbox 567 1204 706 1267; x_wconf 89' lang='lat' dir='ltr'>continuo</span> <span class='ocrx_word' id='word_1_67' title='bbox 721 1224 823 1266; x_wconf 87' lang='lat' dir='ltr'>omnes</span> <span class='ocrx_word' id='word_1_68' title='bbox 844 1203 988 1266; x_wconf 86' lang='lat' dir='ltr'>Civitates</span> <span class='ocrx_word' id='word_1_69' title='bbox 1004 1248 1013 1279; x_wconf 91' lang='lat'>,</span> <span class='ocrx_word' id='word_1_70' title='bbox 1032 1206 1135 1264; x_wconf 85' lang='lat' dir='ltr'>omnia</span> <span class='ocrx_word' id='word_1_71' title='bbox 1154 1222 1234 1264; x_wconf 83' lang='lat' dir='ltr'>com·</span> 
     </span>
     <span class='ocr_line' id='line_1_11' title="bbox 272 1280 1234 1367; baseline 0.003 -25"><span class='ocrx_word' id='word_1_72' title='bbox 272 1283 406 1357; x_wconf 90' lang='lat' dir='ltr'>mercia,</span> <span class='ocrx_word' id='word_1_73' title='bbox 433 1300 555 1344; x_wconf 89' lang='lat' dir='ltr'>omnem</span> <span class='ocrx_word' id='word_1_74' title='bbox 577 1283 700 1367; x_wconf 85' lang='lat' dir='ltr'>denique</span> <span class='ocrx_word' id='word_1_75' title='bbox 720 1285 880 1346; x_wconf 81' lang='lat' dir='ltr'>humanam</span> <span class='ocrx_word' id='word_1_76' title='bbox 909 1280 1075 1344; x_wconf 88' lang='lat' dir='ltr'>societatem</span> <span class='ocrx_word' id='word_1_77' title='bbox 1103 1281 1234 1345; x_wconf 83' lang='lat' dir='ltr'>funditus</span> 
     </span>
     <span class='ocr_line' id='line_1_12' title="bbox 274 1360 1235 1502; baseline 0.001 -80"><span class='ocrx_word' id='word_1_78' title='bbox 274 1360 436 1424; x_wconf 90' lang='lat' dir='ltr'>sulluleris.</span> <span class='ocrx_word' id='word_1_79' title='bbox 457 1362 511 1423; x_wconf 89' lang='lat' dir='ltr'>Sed</span> <span class='ocrx_word' id='word_1_80' title='bbox 530 1364 649 1443; x_wconf 85' lang='lat' dir='ltr'>quando</span> <span class='ocrx_word' id='word_1_81' title='bbox 668 1364 728 1425; x_wconf 86' lang='lat' dir='ltr'>haec</span> <span class='ocrx_word' id='word_1_82' title='bbox 741 1364 839 1427; x_wconf 84' lang='lat' dir='ltr'>virtus</span> <span class='ocrx_word' id='word_1_83' title='bbox 859 1363 891 1423; x_wconf 91' lang='lat' dir='ltr'>in</span> <span class='ocrx_word' id='word_1_84' title='bbox 911 1361 1002 1436; x_wconf 88' lang='lat' dir='ltr'>soto,</span> <span class='ocrx_word' id='word_1_85' title='bbox 1021 1378 1118 1502; x_wconf 76' lang='lat' dir='ltr'>¹atque</span> <span class='ocrx_word' id='word_1_86' title='bbox 1138 1362 1170 1422; x_wconf 91' lang='lat' dir='ltr'>in</span> <span class='ocrx_word' id='word_1_87' title='bbox 1190 1363 1235 1433; x_wconf 85' lang='lat' dir='ltr'>ju·</span> 
     </span>
     <span class='ocr_line' id='line_1_13' title="bbox 271 1439 1234 1518; baseline 0.004 -17"><span class='ocrx_word' id='word_1_88' title='bbox 271 1440 357 1502; x_wconf 86' lang='lat' dir='ltr'>diciis</span> <span class='ocrx_word' id='word_1_89' title='bbox 375 1442 504 1502; x_wconf 86' lang='lat' dir='ltr'>maxime</span> <span class='ocrx_word' id='word_1_90' title='bbox 520 1441 672 1518; x_wconf 83' lang='lat' dir='ltr'>versatur,</span> <span class='ocrx_word' id='word_1_91' title='bbox 694 1444 910 1504; x_wconf 81' lang='lat' dir='ltr'>maximarum</span> <span class='ocrx_word' id='word_1_92' title='bbox 923 1442 995 1502; x_wconf 89' lang='lat' dir='ltr'>Tua</span> <span class='ocrx_word' id='word_1_93' title='bbox 1015 1440 1062 1502; x_wconf 82' lang='lat' dir='ltr'>lau</span> <span class='ocrx_word' id='word_1_94' title='bbox 1082 1461 1098 1501; x_wconf 88' lang='lat' dir='ltr'>e</span> <span class='ocrx_word' id='word_1_95' title='bbox 1115 1439 1165 1500; x_wconf 86' lang='lat' dir='ltr'>fiet</span> <span class='ocrx_word' id='word_1_96' title='bbox 1182 1483 1192 1515; x_wconf 92' lang='lat'>‚</span> <span class='ocrx_word' id='word_1_97' title='bbox 1212 1439 1234 1505; x_wconf 79' lang='lat' dir='ltr'>fi</span> 
     </span>
     <span class='ocr_line' id='line_1_14' title="bbox 271 1519 1237 1603; baseline 0 -23"><span class='ocrx_word' id='word_1_98' title='bbox 271 1519 340 1582; x_wconf 91' lang='lat' dir='ltr'>lites</span> <span class='ocrx_word' id='word_1_99' title='bbox 359 1521 437 1581; x_wconf 86' lang='lat' dir='ltr'>intra</span> <span class='ocrx_word' id='word_1_100' title='bbox 451 1520 533 1581; x_wconf 91' lang='lat' dir='ltr'>suum</span> <span class='ocrx_word' id='word_1_101' title='bbox 552 1540 663 1585; x_wconf 90' lang='lat' dir='ltr'>certum</span> <span class='ocrx_word' id='word_1_102' title='bbox 678 1536 794 1603; x_wconf 89' lang='lat' dir='ltr'>tempus</span> <span class='ocrx_word' id='word_1_103' title='bbox 811 1522 1018 1594; x_wconf 86' lang='lat' dir='ltr'>terminentur,</span> <span class='ocrx_word' id='word_1_104' title='bbox 1038 1541 1099 1582; x_wconf 90' lang='lat' dir='ltr'>non</span> <span class='ocrx_word' id='word_1_105' title='bbox 1115 1536 1237 1594; x_wconf 84' lang='lat' dir='ltr'>autem,</span> 
     </span>
     <span class='ocr_line' id='line_1_15' title="bbox 271 1598 1234 1689; baseline -0.001 -29"><span class='ocrx_word' id='word_1_106' title='bbox 271 1618 350 1680; x_wconf 82' lang='lat' dir='ltr'>quas</span> <span class='ocrx_word' id='word_1_107' title='bbox 370 1616 502 1680; x_wconf 85' lang='lat' dir='ltr'>parentes</span> <span class='ocrx_word' id='word_1_108' title='bbox 517 1598 616 1678; x_wconf 80' lang='lat' dir='ltr'>=filiis,</span> <span class='ocrx_word' id='word_1_109' title='bbox 638 1602 795 1664; x_wconf 84' lang='lat' dir='ltr'>autetiam</span> <span class='ocrx_word' id='word_1_110' title='bbox 819 1600 832 1682; x_wconf 94' lang='lat'><strong>[</strong></span> <span class='ocrx_word' id='word_1_111' title='bbox 855 1602 875 1662; x_wconf 85' lang='lat' dir='ltr'>si</span> <span class='ocrx_word' id='word_1_112' title='bbox 891 1601 956 1663; x_wconf 89' lang='lat' dir='ltr'>Diis</span> <span class='ocrx_word' id='word_1_113' title='bbox 973 1599 1098 1689; x_wconf 90' lang='lat' dir='ltr'>placet]</span> <span class='ocrx_word' id='word_1_114' title='bbox 1119 1599 1234 1680; x_wconf 88' lang='lat' dir='ltr'>nepoti·</span> 
     </span>
     <span class='ocr_line' id='line_1_16' title="bbox 271 1677 1233 1764; baseline 0 -24"><span class='ocrx_word' id='word_1_115' title='bbox 271 1677 346 1754; x_wconf 90' lang='lat' dir='ltr'>bus,</span> <span class='ocrx_word' id='word_1_116' title='bbox 367 1700 400 1740; x_wconf 90' lang='lat' dir='ltr'>ac</span> <span class='ocrx_word' id='word_1_117' title='bbox 421 1679 538 1761; x_wconf 83' lang='lat' dir='ltr'>posteris</span> <span class='ocrx_word' id='word_1_118' title='bbox 561 1681 765 1764; x_wconf 89' lang='lat' dir='ltr'>persequendas</span> <span class='ocrx_word' id='word_1_119' title='bbox 785 1682 967 1762; x_wconf 85' lang='lat' dir='ltr'>relinquant.</span> <span class='ocrx_word' id='word_1_120' title='bbox 987 1683 1139 1756; x_wconf 76' lang='lat' dir='ltr'>Quoniam</span> <span class='ocrx_word' id='word_1_121' title='bbox 1161 1698 1233 1740; x_wconf 85' lang='lat' dir='ltr'>vero</span> 
     </span>
     <span class='ocr_line' id='line_1_17' title="bbox 270 1757 1231 1844; baseline 0.007 -26"><span class='ocrx_word' id='word_1_122' title='bbox 270 1758 421 1840; x_wconf 83' lang='lat' dir='ltr'>quoddam</span> <span class='ocrx_word' id='word_1_123' title='bbox 443 1760 598 1822; x_wconf 87' lang='lat' dir='ltr'>homiuum</span> <span class='ocrx_word' id='word_1_124' title='bbox 609 1780 699 1844; x_wconf 81' lang='lat' dir='ltr'>genus</span> <span class='ocrx_word' id='word_1_125' title='bbox 709 1763 769 1837; x_wconf 86' lang='lat' dir='ltr'>est,</span> <span class='ocrx_word' id='word_1_126' title='bbox 791 1759 943 1842; x_wconf 80' lang='lat' dir='ltr'>[sitamen</span> <span class='ocrx_word' id='word_1_127' title='bbox 963 1760 1020 1821; x_wconf 86' lang='lat' dir='ltr'>hoc</span> <span class='ocrx_word' id='word_1_128' title='bbox 1040 1757 1169 1820; x_wconf 88' lang='lat' dir='ltr'>hominis</span> <span class='ocrx_word' id='word_1_129' title='bbox 1179 1779 1231 1825; x_wconf 87' lang='lat' dir='ltr'>no·</span> 
     </span>
     <span class='ocr_line' id='line_1_18' title="bbox 272 1838 1232 1925; baseline 0.003 -27"><span class='ocrx_word' id='word_1_130' title='bbox 272 1838 352 1899; x_wconf 89' lang='lat' dir='ltr'>mine</span> <span class='ocrx_word' id='word_1_131' title='bbox 374 1839 455 1921; x_wconf 85' lang='lat' dir='ltr'>digni</span> <span class='ocrx_word' id='word_1_132' title='bbox 476 1840 545 1903; x_wconf 90' lang='lat' dir='ltr'>sunt</span> <span class='ocrx_word' id='word_1_133' title='bbox 561 1841 596 1922; x_wconf 91' lang='lat'>‚]</span> <span class='ocrx_word' id='word_1_134' title='bbox 625 1843 676 1925; x_wconf 89' lang='lat' dir='ltr'>qui</span> <span class='ocrx_word' id='word_1_135' title='bbox 696 1842 828 1903; x_wconf 88' lang='lat' dir='ltr'>humano</span> <span class='ocrx_word' id='word_1_136' title='bbox 849 1839 990 1923; x_wconf 85' lang='lat' dir='ltr'>sanguine</span> <span class='ocrx_word' id='word_1_137' title='bbox 1009 1839 1077 1901; x_wconf 82' lang='lat' dir='ltr'>sicas</span> <span class='ocrx_word' id='word_1_138' title='bbox 1097 1839 1160 1902; x_wconf 89' lang='lat' dir='ltr'>suas</span> <span class='ocrx_word' id='word_1_139' title='bbox 1181 1858 1232 1920; x_wconf 87' lang='lat' dir='ltr'>pa·</span> 
     </span>
     <span class='ocr_line' id='line_1_19' title="bbox 272 1917 1251 2059; baseline 0 -80"><span class='ocrx_word' id='word_1_140' title='bbox 272 1917 375 1993; x_wconf 90' lang='lat' dir='ltr'>scunt,</span> <span class='ocrx_word' id='word_1_141' title='bbox 396 1921 448 2059; x_wconf 90' lang='lat' dir='ltr'>qui</span> <span class='ocrx_word' id='word_1_142' title='bbox 471 1919 535 1996; x_wconf 88' lang='lat' dir='ltr'>die,</span> <span class='ocrx_word' id='word_1_143' title='bbox 556 1921 702 2002; x_wconf 71' lang='lat' dir='ltr'>nosluque</span> <span class='ocrx_word' id='word_1_144' title='bbox 711 1923 742 1982; x_wconf 90' lang='lat' dir='ltr'>in</span> <span class='ocrx_word' id='word_1_145' title='bbox 761 1921 886 1983; x_wconf 83' lang='lat' dir='ltr'>caedibus</span> <span class='ocrx_word' id='word_1_146' title='bbox 908 1920 1047 2001; x_wconf 82' lang='lat' dir='ltr'>cuiusque</span> <span class='ocrx_word' id='word_1_147' title='bbox 1066 1919 1180 2001; x_wconf 84' lang='lat' dir='ltr'>generis</span> <span class='ocrx_word' id='word_1_148' title='bbox 1189 1918 1231 1980; x_wconf 84' lang='lat' dir='ltr'>sa·</span> <span class='ocrx_word' id='word_1_149' title='bbox 1249 1948 1251 1952; x_wconf 95' lang='lat'>·</span> 
     </span>
     <span class='ocr_line' id='line_1_20' title="bbox 270 1997 1230 2083; baseline 0 -25"><span class='ocrx_word' id='word_1_150' title='bbox 270 1997 382 2059; x_wconf 86' lang='lat' dir='ltr'>eiendis</span> <span class='ocrx_word' id='word_1_151' title='bbox 415 2019 518 2062; x_wconf 83' lang='lat' dir='ltr'>unima</span> <span class='ocrx_word' id='word_1_152' title='bbox 546 2018 614 2062; x_wconf 82' lang='lat' dir='ltr'>curn</span> <span class='ocrx_word' id='word_1_153' title='bbox 634 2002 729 2062; x_wconf 85' lang='lat' dir='ltr'>animi</span> <span class='ocrx_word' id='word_1_154' title='bbox 747 2001 902 2083; x_wconf 76' lang='lat' dir='ltr'>voluptate</span> <span class='ocrx_word' id='word_1_155' title='bbox 930 2000 1108 2070; x_wconf 75' lang='lat' dir='ltr'>versantur3</span> <span class='ocrx_word' id='word_1_156' title='bbox 1133 1999 1230 2059; x_wconf 87' lang='lat' dir='ltr'>conti-</span> 
     </span>
     <span class='ocr_line' id='line_1_21' title="bbox 271 2079 1230 2159; baseline -0.001 -21"><span class='ocrx_word' id='word_1_157' title='bbox 271 2096 331 2139; x_wconf 84' lang='lat' dir='ltr'>nuo</span> <span class='ocrx_word' id='word_1_158' title='bbox 352 2081 510 2159; x_wconf 89' lang='lat' dir='ltr'>repentinis</span> <span class='ocrx_word' id='word_1_159' title='bbox 532 2080 651 2141; x_wconf 88' lang='lat' dir='ltr'>istorum</span> <span class='ocrx_word' id='word_1_160' title='bbox 673 2080 844 2152; x_wconf 85' lang='lat' dir='ltr'>incurfibus,</span> <span class='ocrx_word' id='word_1_161' title='bbox 862 2081 906 2140; x_wconf 90' lang='lat' dir='ltr'>im</span> <span class='ocrx_word' id='word_1_162' title='bbox 928 2079 1023 2143; x_wconf 87' lang='lat' dir='ltr'>rouiso</span> <span class='ocrx_word' id='word_1_163' title='bbox 1045 2079 1230 2140; x_wconf 83' lang='lat' dir='ltr'>illorumirn·</span> 
     </span>
     <span class='ocr_line' id='line_1_22' title="bbox 275 2100 1230 2247; baseline -0.005 -27"><span class='ocrx_word' id='word_1_164' title='bbox 275 2174 365 2238; x_wconf 90' lang='lat' dir='ltr'>petu,</span> <span class='ocrx_word' id='word_1_165' title='bbox 385 2174 473 2247; x_wconf 88' lang='lat' dir='ltr'>atque</span> <span class='ocrx_word' id='word_1_166' title='bbox 483 2158 606 2220; x_wconf 89' lang='lat' dir='ltr'>occultis</span> <span class='ocrx_word' id='word_1_167' title='bbox 615 2159 724 2219; x_wconf 82' lang='lat' dir='ltr'>insidiis</span> <span class='ocrx_word' id='word_1_168' title='bbox 734 2180 794 2219; x_wconf 89' lang='lat' dir='ltr'>non</span> <span class='ocrx_word' id='word_1_169' title='bbox 803 2159 895 2220; x_wconf 90' lang='lat' dir='ltr'>solum</span> <span class='ocrx_word' id='word_1_170' title='bbox 904 2100 996 2219; x_wconf 63' lang='lat' dir='ltr'>debes</span> <span class='ocrx_word' id='word_1_171' title='bbox 1006 2175 1087 2231; x_wconf 84' lang='lat' dir='ltr'>tuas,</span> <span class='ocrx_word' id='word_1_172' title='bbox 1109 2157 1230 2217; x_wconf 87' lang='lat' dir='ltr'>seduni-</span> 
     </span>
     <span class='ocr_line' id='line_1_23' title="bbox 253 2236 1229 2316; baseline -0.004 -19"><span class='ocrx_word' id='word_1_173' title='bbox 253 2236 486 2298; x_wconf 83' lang='lat' dir='ltr'>·vetsumetiam</span> <span class='ocrx_word' id='word_1_174' title='bbox 507 2256 608 2298; x_wconf 87' lang='lat' dir='ltr'>earum</span> <span class='ocrx_word' id='word_1_175' title='bbox 617 2254 722 2316; x_wconf 84' lang='lat' dir='ltr'>agrum</span> <span class='ocrx_word' id='word_1_176' title='bbox 744 2237 945 2316; x_wconf 85' lang='lat' dir='ltr'>perpurgabis.</span> <span class='ocrx_word' id='word_1_177' title='bbox 964 2236 1076 2308; x_wconf 84' lang='lat' dir='ltr'>Certe,</span> <span class='ocrx_word' id='word_1_178' title='bbox 1095 2237 1229 2312; x_wconf 82' lang='lat' dir='ltr'>Princeps</span> 
     </span>
     <span class='ocr_line' id='line_1_24' title="bbox 267 2311 1228 2399; baseline -0.004 -21"><span class='ocrx_word' id='word_1_179' title='bbox 267 2314 444 2399; x_wconf 71' lang='lat' dir='ltr'>aquiffime,</span> <span class='ocrx_word' id='word_1_180' title='bbox 465 2334 516 2396; x_wconf 85' lang='lat' dir='ltr'>per</span> <span class='ocrx_word' id='word_1_181' title='bbox 537 2316 673 2384; x_wconf 84' lang='lat' dir='ltr'>injuriam</span> <span class='ocrx_word' id='word_1_182' title='bbox 696 2315 797 2388; x_wconf 87' lang='lat' dir='ltr'>alteri,</span> <span class='ocrx_word' id='word_1_183' title='bbox 818 2315 897 2394; x_wconf 90' lang='lat' dir='ltr'>quod</span> <span class='ocrx_word' id='word_1_184' title='bbox 918 2314 1001 2373; x_wconf 92' lang='lat' dir='ltr'>suum</span> <span class='ocrx_word' id='word_1_185' title='bbox 1023 2313 1079 2385; x_wconf 89' lang='lat' dir='ltr'>est,</span> <span class='ocrx_word' id='word_1_186' title='bbox 1103 2311 1228 2386; x_wconf 84' lang='lat' dir='ltr'>auferre,</span> 
     </span>
     <span class='ocr_line' id='line_1_25' title="bbox 267 2389 1230 2483; baseline -0.005 -26"><span class='ocrx_word' id='word_1_187' title='bbox 267 2394 299 2457; x_wconf 92' lang='lat' dir='ltr'>in</span> <span class='ocrx_word' id='word_1_188' title='bbox 322 2392 438 2466; x_wconf 86' lang='lat' dir='ltr'>judiciis</span> <span class='ocrx_word' id='word_1_189' title='bbox 460 2414 477 2454; x_wconf 86' lang='lat' dir='ltr'>a</span> <span class='ocrx_word' id='word_1_190' title='bbox 499 2393 652 2454; x_wconf 87' lang='lat' dir='ltr'>mendacio</span> <span class='ocrx_word' id='word_1_191' title='bbox 672 2394 745 2483; x_wconf 76' lang='lat' dir='ltr'>stare</span> <span class='ocrx_word' id='word_1_192' title='bbox 769 2393 877 2473; x_wconf 89' lang='lat' dir='ltr'>quovis</span> <span class='ocrx_word' id='word_1_193' title='bbox 915 2392 1047 2471; x_wconf 88' lang='lat' dir='ltr'>Principe</span> <span class='ocrx_word' id='word_1_194' title='bbox 1069 2389 1230 2470; x_wconf 69' lang='lat' dir='ltr'>indignisli·</span> 
     </span>
    </p>
   </div>
   <div class='ocr_carea' id='block_1_2' title="bbox 268 2457 1290 2614">
    <p class='ocr_par' dir='ltr' id='par_1_2' title="bbox 268 2457 1290 2614">
     <span class='ocr_line' id='line_1_26' title="bbox 268 2457 1290 2614; baseline -0.003 -76"><span class='ocrx_word' id='word_1_195' title='bbox 268 2493 357 2538; x_wconf 88' lang='lat' dir='ltr'>mum</span> <span class='ocrx_word' id='word_1_196' title='bbox 379 2472 444 2550; x_wconf 90' lang='lat' dir='ltr'>est,</span> <span class='ocrx_word' id='word_1_197' title='bbox 465 2473 645 2614; x_wconf 68' lang='lat' dir='ltr'>dignumque</span> <span class='ocrx_word' id='word_1_198' title='bbox 667 2492 820 2547; x_wconf 84' lang='lat' dir='ltr'>maxime,</span> <span class='ocrx_word' id='word_1_199' title='bbox 846 2471 926 2553; x_wconf 90' lang='lat' dir='ltr'>quod</span> <span class='ocrx_word' id='word_1_200' title='bbox 957 2471 1069 2533; x_wconf 88' lang='lat' dir='ltr'>summo</span> <span class='ocrx_word' id='word_1_201' title='bbox 1088 2457 1229 2552; x_wconf 81' lang='lat' dir='ltr'>supplicio</span> <span class='ocrx_word' id='word_1_202' title='bbox 1287 2495 1290 2499; x_wconf 90' lang='lat'><em>·</em></span> 
     </span>
    </p>
   </div>
   <div class='ocr_carea' id='block_1_3' title="bbox 256 2549 1320 3828">
    <p class='ocr_par' dir='ltr' id='par_1_3' title="bbox 256 2549 1320 3828">
     <span class='ocr_line' id='line_1_27' title="bbox 267 2549 1226 2637; baseline -0.003 -21"><span class='ocrx_word' id='word_1_203' title='bbox 267 2554 587 2637; x_wconf 76' lang='lat' dir='ltr'>puniatu13verumnu</span> <span class='ocrx_word' id='word_1_204' title='bbox 613 2575 671 2614; x_wconf 89' lang='lat' dir='ltr'>aea</span> <span class='ocrx_word' id='word_1_205' title='bbox 691 2549 1226 2633; x_wconf 83' lang='lat' dir='ltr'>italiorpellis,nullummaiusscelus,</span> 
     </span>
     <span class='ocr_line' id='line_1_28' title="bbox 269 2629 1227 2714; baseline -0.001 -19"><span class='ocrx_word' id='word_1_206' title='bbox 269 2633 385 2695; x_wconf 88' lang='lat' dir='ltr'>nullum</span> <span class='ocrx_word' id='word_1_207' title='bbox 396 2633 491 2714; x_wconf 87' lang='lat' dir='ltr'>magis</span> <span class='ocrx_word' id='word_1_208' title='bbox 501 2633 655 2714; x_wconf 84' lang='lat' dir='ltr'>indignum</span> <span class='ocrx_word' id='word_1_209' title='bbox 677 2633 793 2705; x_wconf 89' lang='lat' dir='ltr'>acinus,</span> <span class='ocrx_word' id='word_1_210' title='bbox 816 2632 1039 2714; x_wconf 88' lang='lat' dir='ltr'>quam,cumin</span> <span class='ocrx_word' id='word_1_211' title='bbox 1049 2629 1227 2712; x_wconf 78' lang='lat' dir='ltr'>pacatissima</span> 
     </span>
     <span class='ocr_line' id='line_1_29' title="bbox 268 2710 1228 2803; baseline -0.003 -29"><span class='ocrx_word' id='word_1_212' title='bbox 268 2712 418 2787; x_wconf 78' lang='lat' dir='ltr'>Ciuitate,</span> <span class='ocrx_word' id='word_1_213' title='bbox 429 2715 586 2803; x_wconf 79' lang='lat' dir='ltr'>quaquein</span> <span class='ocrx_word' id='word_1_214' title='bbox 597 2711 1004 2786; x_wconf 79' lang='lat' dir='ltr'>summootioconllitutasrt,</span> <span class='ocrx_word' id='word_1_215' title='bbox 1021 2710 1228 2786; x_wconf 77' lang='lat' dir='ltr'>honestissimi,</span> 
     </span>
     <span class='ocr_line' id='line_1_30' title="bbox 268 2790 1221 2874; baseline -0.001 -20"><span class='ocrx_word' id='word_1_216' title='bbox 268 2808 355 2874; x_wconf 87' lang='lat' dir='ltr'>atque</span> <span class='ocrx_word' id='word_1_217' title='bbox 364 2792 587 2855; x_wconf 81' lang='lat' dir='ltr'>innocentissimi</span> <span class='ocrx_word' id='word_1_218' title='bbox 596 2793 680 2866; x_wconf 86' lang='lat' dir='ltr'>Viri,</span> <span class='ocrx_word' id='word_1_219' title='bbox 696 2790 863 2869; x_wconf 81' lang='lat' dir='ltr'>autasuis,</span> <span class='ocrx_word' id='word_1_220' title='bbox 885 2808 935 2853; x_wconf 91' lang='lat' dir='ltr'>aut</span> <span class='ocrx_word' id='word_1_221' title='bbox 943 2790 980 2852; x_wconf 90' lang='lat' dir='ltr'>ab</span> <span class='ocrx_word' id='word_1_222' title='bbox 995 2792 1096 2853; x_wconf 87' lang='lat' dir='ltr'>alienis</span> <span class='ocrx_word' id='word_1_223' title='bbox 1116 2791 1221 2853; x_wconf 82' lang='lat' dir='ltr'>ficariis</span> 
     </span>
     <span class='ocr_line' id='line_1_31' title="bbox 269 2870 1224 2954; baseline 0.001 -23"><span class='ocrx_word' id='word_1_224' title='bbox 269 2871 298 2933; x_wconf 93' lang='lat' dir='ltr'>in</span> <span class='ocrx_word' id='word_1_225' title='bbox 320 2871 405 2947; x_wconf 81' lang='lat' dir='ltr'>viis,</span> <span class='ocrx_word' id='word_1_226' title='bbox 433 2872 465 2932; x_wconf 91' lang='lat' dir='ltr'>in</span> <span class='ocrx_word' id='word_1_227' title='bbox 485 2871 576 2948; x_wconf 88' lang='lat' dir='ltr'>soro,</span> <span class='ocrx_word' id='word_1_228' title='bbox 604 2874 637 2934; x_wconf 87' lang='lat' dir='ltr'>in</span> <span class='ocrx_word' id='word_1_229' title='bbox 655 2872 815 2954; x_wconf 85' lang='lat' dir='ltr'>Templis,</span> <span class='ocrx_word' id='word_1_230' title='bbox 843 2891 931 2954; x_wconf 87' lang='lat' dir='ltr'>atque</span> <span class='ocrx_word' id='word_1_231' title='bbox 954 2873 1043 2933; x_wconf 91' lang='lat' dir='ltr'>etiam</span> <span class='ocrx_word' id='word_1_232' title='bbox 1066 2873 1147 2933; x_wconf 86' lang='lat' dir='ltr'>domi</span> <span class='ocrx_word' id='word_1_233' title='bbox 1168 2870 1224 2932; x_wconf 73' lang='lat' dir='ltr'>sua</span> 
     </span>
     <span class='ocr_line' id='line_1_32' title="bbox 267 2949 1224 3032; baseline -0.001 -21"><span class='ocrx_word' id='word_1_234' title='bbox 267 2949 439 3013; x_wconf 85' lang='lat' dir='ltr'>immaniter</span> <span class='ocrx_word' id='word_1_235' title='bbox 461 2953 655 3014; x_wconf 83' lang='lat' dir='ltr'>trucidantur.</span> <span class='ocrx_word' id='word_1_236' title='bbox 677 2956 774 3028; x_wconf 89' lang='lat' dir='ltr'>Quare</span> <span class='ocrx_word' id='word_1_237' title='bbox 796 2952 892 3030; x_wconf 89' lang='lat' dir='ltr'>primo</span> <span class='ocrx_word' id='word_1_238' title='bbox 910 2969 1029 3032; x_wconf 90' lang='lat' dir='ltr'>quoque</span> <span class='ocrx_word' id='word_1_239' title='bbox 1050 2967 1109 3011; x_wconf 90' lang='lat' dir='ltr'>tem</span> <span class='ocrx_word' id='word_1_240' title='bbox 1131 2970 1180 3010; x_wconf 91' lang='lat' dir='ltr'>ore</span> <span class='ocrx_word' id='word_1_241' title='bbox 1200 2951 1224 3010; x_wconf 89' lang='lat' dir='ltr'>i-</span> 
     </span>
     <span class='ocr_line' id='line_1_33' title="bbox 266 3029 1223 3094; baseline -0.006 0"><span class='ocrx_word' id='word_1_242' title='bbox 266 3030 374 3094; x_wconf 86' lang='lat' dir='ltr'>storum</span> <span class='ocrx_word' id='word_1_243' title='bbox 403 3032 550 3092; x_wconf 84' lang='lat' dir='ltr'>latronum</span> <span class='ocrx_word' id='word_1_244' title='bbox 576 3029 701 3092; x_wconf 79' lang='lat' dir='ltr'>nefarios</span> <span class='ocrx_word' id='word_1_245' title='bbox 720 3048 872 3092; x_wconf 78' lang='lat' dir='ltr'>mucrones</span> <span class='ocrx_word' id='word_1_246' title='bbox 900 3031 1071 3090; x_wconf 90' lang='lat' dir='ltr'>aTuorum</span> <span class='ocrx_word' id='word_1_247' title='bbox 1130 3029 1223 3088; x_wconf 88' lang='lat' dir='ltr'>ivium</span> 
     </span>
     <span class='ocr_line' id='line_1_34' title="bbox 266 3105 1320 3194; baseline -0.007 -21"><span class='ocrx_word' id='word_1_248' title='bbox 266 3108 373 3194; x_wconf 81' lang='lat' dir='ltr'>iugulis</span> <span class='ocrx_word' id='word_1_249' title='bbox 393 3111 538 3183; x_wconf 88' lang='lat' dir='ltr'>rejeceris,</span> <span class='ocrx_word' id='word_1_250' title='bbox 559 3129 658 3169; x_wconf 90' lang='lat' dir='ltr'>eorum</span> <span class='ocrx_word' id='word_1_251' title='bbox 678 3128 746 3170; x_wconf 83' lang='lat' dir='ltr'>vero</span> <span class='ocrx_word' id='word_1_252' title='bbox 766 3111 891 3169; x_wconf 84' lang='lat' dir='ltr'>eervices</span> <span class='ocrx_word' id='word_1_253' title='bbox 899 3107 975 3166; x_wconf 90' lang='lat' dir='ltr'>Tuis</span> <span class='ocrx_word' id='word_1_254' title='bbox 996 3105 1162 3186; x_wconf 84' lang='lat' dir='ltr'>aequiffimis</span> <span class='ocrx_word' id='word_1_255' title='bbox 1181 3105 1222 3167; x_wconf 90' lang='lat' dir='ltr'>se·</span> <span class='ocrx_word' id='word_1_256' title='bbox 1315 3176 1320 3187; x_wconf 34' lang='grc' dir='ltr'><em>Ι</em></span> 
     </span>
     <span class='ocr_line' id='line_1_35' title="bbox 265 3184 1221 3262; baseline -0.01 -8"><span class='ocrx_word' id='word_1_257' title='bbox 265 3188 379 3254; x_wconf 85' lang='lat' dir='ltr'>turibus</span> <span class='ocrx_word' id='word_1_258' title='bbox 401 3189 572 3262; x_wconf 88' lang='lat' dir='ltr'>subjeceris.</span> <span class='ocrx_word' id='word_1_259' title='bbox 598 3186 686 3262; x_wconf 92' lang='lat' dir='ltr'>Quod</span> <span class='ocrx_word' id='word_1_260' title='bbox 707 3186 852 3248; x_wconf 88' lang='lat' dir='ltr'>summum</span> <span class='ocrx_word' id='word_1_261' title='bbox 873 3184 1044 3245; x_wconf 81' lang='lat' dir='ltr'>beneficium</span> <span class='ocrx_word' id='word_1_262' title='bbox 1069 3204 1139 3244; x_wconf 86' lang='lat' dir='ltr'>cum</span> <span class='ocrx_word' id='word_1_263' title='bbox 1161 3184 1221 3245; x_wconf 81' lang='lat' dir='ltr'>istis</span> 
     </span>
     <span class='ocr_line' id='line_1_36' title="bbox 264 3261 1221 3346; baseline -0.006 -14"><span class='ocrx_word' id='word_1_264' title='bbox 264 3269 403 3344; x_wconf 87' lang='lat' dir='ltr'>dedetis,</span> <span class='ocrx_word' id='word_1_265' title='bbox 433 3270 530 3345; x_wconf 90' lang='lat' dir='ltr'>scito,</span> <span class='ocrx_word' id='word_1_266' title='bbox 560 3267 605 3327; x_wconf 93' lang='lat' dir='ltr'>Te</span> <span class='ocrx_word' id='word_1_267' title='bbox 626 3266 701 3346; x_wconf 89' lang='lat' dir='ltr'>apud</span> <span class='ocrx_word' id='word_1_268' title='bbox 725 3285 773 3326; x_wconf 91' lang='lat' dir='ltr'>eos</span> <span class='ocrx_word' id='word_1_269' title='bbox 796 3266 885 3326; x_wconf 92' lang='lat' dir='ltr'>Cives</span> <span class='ocrx_word' id='word_1_270' title='bbox 908 3263 981 3325; x_wconf 90' lang='lat' dir='ltr'>illud</span> <span class='ocrx_word' id='word_1_271' title='bbox 1003 3261 1146 3343; x_wconf 85' lang='lat' dir='ltr'>posuisse,</span> <span class='ocrx_word' id='word_1_272' title='bbox 1169 3266 1221 3346; x_wconf 91' lang='lat' dir='ltr'>qui</span> 
     </span>
     <span class='ocr_line' id='line_1_37' title="bbox 263 3343 1221 3429; baseline -0.004 -18"><span class='ocrx_word' id='word_1_273' title='bbox 263 3348 324 3412; x_wconf 77' lang='lat' dir='ltr'>&#39;l’ui</span> <span class='ocrx_word' id='word_1_274' title='bbox 348 3348 472 3411; x_wconf 88' lang='lat' dir='ltr'>absentis</span> <span class='ocrx_word' id='word_1_275' title='bbox 488 3343 602 3428; x_wconf 73' lang='lat' dir='ltr'>&#39;semper</span> <span class='ocrx_word' id='word_1_276' title='bbox 623 3344 797 3429; x_wconf 79' lang='lat' dir='ltr'>cupidissimi</span> <span class='ocrx_word' id='word_1_277' title='bbox 814 3343 951 3411; x_wconf 77' lang='lat' dir='ltr'>suerunt3</span> <span class='ocrx_word' id='word_1_278' title='bbox 971 3363 1048 3405; x_wconf 90' lang='lat' dir='ltr'>nunc</span> <span class='ocrx_word' id='word_1_279' title='bbox 1067 3363 1138 3406; x_wconf 85' lang='lat' dir='ltr'>vero</span> <span class='ocrx_word' id='word_1_280' title='bbox 1150 3364 1221 3407; x_wconf 91' lang='lat' dir='ltr'>cum</span> 
     </span>
     <span class='ocr_line' id='line_1_38' title="bbox 264 3423 1220 3512; baseline -0.002 -22"><span class='ocrx_word' id='word_1_281' title='bbox 264 3428 309 3492; x_wconf 84' lang='lat' dir='ltr'>Te</span> <span class='ocrx_word' id='word_1_282' title='bbox 339 3429 533 3510; x_wconf 71' lang='lat' dir='ltr'>praesentem,</span> <span class='ocrx_word' id='word_1_283' title='bbox 562 3445 651 3508; x_wconf 89' lang='lat' dir='ltr'>atque</span> <span class='ocrx_word' id='word_1_284' title='bbox 678 3424 751 3486; x_wconf 85' lang='lat' dir='ltr'>adeo</span> <span class='ocrx_word' id='word_1_285' title='bbox 781 3425 893 3486; x_wconf 86' lang='lat' dir='ltr'>Ducem</span> <span class='ocrx_word' id='word_1_286' title='bbox 918 3423 1012 3512; x_wconf 23' lang='lat' dir='ltr'>‘suum</span> <span class='ocrx_word' id='word_1_287' title='bbox 1040 3423 1220 3502; x_wconf 84' lang='lat' dir='ltr'>intuentur,</span> 
     </span>
     <span class='ocr_line' id='line_1_39' title="bbox 262 3501 1223 3650; baseline -0.001 -80"><span class='ocrx_word' id='word_1_288' title='bbox 262 3508 422 3650; x_wconf 54' lang='lat' dir='ltr'>pquorum</span> <span class='ocrx_word' id='word_1_289' title='bbox 447 3511 580 3569; x_wconf 87' lang='lat' dir='ltr'>omnium</span> <span class='ocrx_word' id='word_1_290' title='bbox 603 3504 794 3568; x_wconf 88' lang='lat' dir='ltr'>oculosinTe</span> <span class='ocrx_word' id='word_1_291' title='bbox 810 3501 1007 3565; x_wconf 71' lang='lat' dir='ltr'>‚amantissime</span> <span class='ocrx_word' id='word_1_292' title='bbox 1028 3505 1223 3574; x_wconf 70' lang='lat' dir='ltr'>conjectosvi-</span> 
     </span>
     <span class='ocr_line' id='line_1_40' title="bbox 259 3582 1219 3670; baseline -0.001 -21"><span class='ocrx_word' id='word_1_293' title='bbox 259 3629 261 3637; x_wconf 87' lang='lat'>·</span> <span class='ocrx_word' id='word_1_294' title='bbox 282 3587 343 3670; x_wconf 89' lang='lat' dir='ltr'>es]</span> <span class='ocrx_word' id='word_1_295' title='bbox 366 3589 447 3649; x_wconf 88' lang='lat' dir='ltr'>omni</span> <span class='ocrx_word' id='word_1_296' title='bbox 468 3588 601 3668; x_wconf 86' lang='lat' dir='ltr'>gaudio,</span> <span class='ocrx_word' id='word_1_297' title='bbox 622 3603 709 3668; x_wconf 88' lang='lat' dir='ltr'>atque</span> <span class='ocrx_word' id='word_1_298' title='bbox 726 3582 865 3645; x_wconf 90' lang='lat' dir='ltr'>omnibus</span> <span class='ocrx_word' id='word_1_299' title='bbox 888 3583 980 3643; x_wconf 88' lang='lat' dir='ltr'>animi</span> <span class='ocrx_word' id='word_1_300' title='bbox 1001 3584 1110 3647; x_wconf 85' lang='lat' dir='ltr'>latitiis</span> <span class='ocrx_word' id='word_1_301' title='bbox 1127 3585 1149 3646; x_wconf 92' lang='lat' dir='ltr'>li</span> <span class='ocrx_word' id='word_1_302' title='bbox 1172 3607 1219 3649; x_wconf 90' lang='lat' dir='ltr'>ue·</span> 
     </span>
     <span class='ocr_line' id='line_1_41' title="bbox 257 3607 1218 3803; baseline -0.002 -73"><span class='ocrx_word' id='word_1_303' title='bbox 257 3669 357 3739; x_wconf 81' lang='lat' dir='ltr'>siunt3</span> <span class='ocrx_word' id='word_1_304' title='bbox 380 3668 431 3750; x_wconf 91' lang='lat' dir='ltr'>qui</span> <span class='ocrx_word' id='word_1_305' title='bbox 453 3687 552 3728; x_wconf 89' lang='lat' dir='ltr'>omnes</span> <span class='ocrx_word' id='word_1_306' title='bbox 574 3668 696 3748; x_wconf 86' lang='lat' dir='ltr'>populos</span> <span class='ocrx_word' id='word_1_307' title='bbox 715 3664 790 3739; x_wconf 85' lang='lat' dir='ltr'>fide,</span> <span class='ocrx_word' id='word_1_308' title='bbox 810 3680 897 3803; x_wconf 69' lang='lat' dir='ltr'>atque</span> <span class='ocrx_word' id='word_1_309' title='bbox 918 3662 1098 3727; x_wconf 88' lang='lat' dir='ltr'>observantia</span> <span class='ocrx_word' id='word_1_310' title='bbox 1113 3666 1142 3726; x_wconf 90' lang='lat' dir='ltr'>in</span> <span class='ocrx_word' id='word_1_311' title='bbox 1150 3607 1218 3728; x_wconf 73' lang='lat' dir='ltr'>snos</span> 
     </span>
     <span class='ocr_line' id='line_1_42' title="bbox 256 3743 1219 3828; baseline -0.004 -18"><span class='ocrx_word' id='word_1_312' title='bbox 256 3745 411 3828; x_wconf 87' lang='lat' dir='ltr'>Principes</span> <span class='ocrx_word' id='word_1_313' title='bbox 434 3746 597 3826; x_wconf 77' lang='lat' dir='ltr'>longissime</span> <span class='ocrx_word' id='word_1_314' title='bbox 618 3744 815 3807; x_wconf 87' lang='lat' dir='ltr'>antecedunt.</span> <span class='ocrx_word' id='word_1_315' title='bbox 862 3764 882 3803; x_wconf 68' lang='lat' dir='ltr'>⁴it</span> <span class='ocrx_word' id='word_1_316' title='bbox 902 3743 1005 3825; x_wconf 92' lang='lat' dir='ltr'>quibus</span> <span class='ocrx_word' id='word_1_317' title='bbox 1025 3765 1085 3827; x_wconf 92' lang='lat' dir='ltr'>quo</span> <span class='ocrx_word' id='word_1_318' title='bbox 1105 3763 1219 3825; x_wconf 89' lang='lat' dir='ltr'>tempo·</span> 
     </span>
    </p>
   </div>
   <div class='ocr_carea' id='block_1_4' title="bbox 252 3824 1219 3976">
    <p class='ocr_par' dir='ltr' id='par_1_4' title="bbox 252 3824 1219 3976">
     <span class='ocr_line' id='line_1_43' title="bbox 252 3824 1219 3908; baseline -0.012 -15"><span class='ocrx_word' id='word_1_319' title='bbox 252 3846 290 3893; x_wconf 73' lang='lat' dir='ltr'>te</span> <span class='ocrx_word' id='word_1_320' title='bbox 312 3827 419 3891; x_wconf 78' lang='lat' dir='ltr'>Tead</span> <span class='ocrx_word' id='word_1_321' title='bbox 436 3827 570 3891; x_wconf 80' lang='lat' dir='ltr'>l’areutis</span> <span class='ocrx_word' id='word_1_322' title='bbox 591 3827 636 3890; x_wconf 86' lang='lat' dir='ltr'>tui</span> <span class='ocrx_word' id='word_1_323' title='bbox 657 3824 767 3900; x_wconf 87' lang='lat' dir='ltr'>sunus,</span> <span class='ocrx_word' id='word_1_324' title='bbox 799 3824 883 3908; x_wconf 86' lang='lat' dir='ltr'>idque</span> <span class='ocrx_word' id='word_1_325' title='bbox 901 3844 962 3888; x_wconf 90' lang='lat' dir='ltr'>non</span> <span class='ocrx_word' id='word_1_326' title='bbox 983 3846 1142 3907; x_wconf 89' lang='lat' dir='ltr'>paucorum</span> <span class='ocrx_word' id='word_1_327' title='bbox 1158 3825 1219 3883; x_wconf 82' lang='lat' dir='ltr'>die-</span> 
     </span>
     <span class='ocr_line' id='line_1_44' title="bbox 1088 3921 1176 3976; baseline -0.057 -11"><span class='ocrx_word' id='word_1_328' title='bbox 1088 3921 1176 3976; x_wconf 80' lang='lat' dir='ltr'>rum,</span> 
     </span>
    </p>
   </div>
   <div class='ocr_carea' id='block_1_5' title="bbox 0 0 1504 4559">
    <p class='ocr_par' dir='ltr' id='par_1_5' title="bbox 0 0 1504 4559">
     <span class='ocr_line' id='line_1_45' title="bbox 0 0 1504 4559; baseline 0 5"><span class='ocrx_word' id='word_1_329' title='bbox 0 0 1504 4559; x_wconf 95' lang='lat' dir='ltr'> </span> 
     </span>
    </p>
   </div>
  </div>
 </body>
</html>
