3000 4559
558 496 967 557 ORATIONEL
1136 512 1194 576 rm

266 574 369 646 sium3
389 571 480 635 nisisd
498 572 605 666 ubique
616 592 716 637 tamen
723 573 832 650 sareas,
853 573 932 658 quod
947 573 1036 638 etiam
1052 572 1126 640 facio
1141 595 1234 660 qoam

266 651 470 728 libentissime,
493 655 568 715 mihi
589 655 684 716 Deum
706 653 851 736 nusquam
873 652 960 716 deesse
979 655 1114 717 voluisse.
1135 659 1176 720 At
1196 659 1234 718 il·

266 732 318 796 lud
339 730 576 814 prudentissime.
606 734 685 796 Cum
707 734 787 795 enim
808 735 1059 816 interrogaretur,
1089 736 1164 798 unde
1184 754 1233 799 eas

266 813 326 895 ipse
348 813 445 875 literas
468 811 634 880 habuisset?
663 814 809 895 respondit
828 852 836 874 .
856 813 934 876 Cum
954 815 1002 876 hic
1018 855 1028 890 ,
1047 814 1160 898 inquit,
1185 834 1232 893 eas

266 892 343 955 mihi
364 891 498 974 legendas
520 893 601 955 domi
621 913 691 956 meae
714 893 860 967 dedisset3
887 913 941 976 ego
961 896 1098 970 interea,
1126 907 1159 955 ut
1181 892 1234 967 sit,

266 970 332 1047 iussi
357 1016 367 1047 ,
387 987 437 1046 ut,
459 971 530 1054 quid
555 972 733 1048 biberemus,
754 973 925 1036 afferretur.
946 973 994 1036 lta
1013 976 1091 1036 inter
1111 973 1139 1036 sc
1181 971 1235 1034 hos

269 1071 320 1115 eas
342 1052 370 1114 ei
392 1051 564 1114 dormitanti
590 1052 737 1135 surripui,
756 1073 824 1116 cum
842 1054 903 1125 jam
925 1070 989 1116 tum
1012 1071 1126 1117 mecum
1161 1051 1237 1113 aluti

267 1147 324 1195 tuae
343 1130 493 1193 consulere
508 1131 679 1194 statuissem.
698 1133 786 1196 Nihil
808 1134 940 1210 interest,
956 1135 1110 1215 Princeps,
1130 1148 1231 1195 utrum

268 1211 319 1277 iste
343 1230 391 1279 me
412 1210 531 1275 stultum
551 1256 562 1287 ,
589 1233 627 1273 an
647 1212 759 1275 ebrium
778 1211 867 1275 saciat
883 1256 894 1289 ,
910 1229 1093 1304 mentemque
1106 1230 1233 1304 ⁴omnem

255 1291 301 1361 ¹in
325 1291 381 1352 hac
404 1305 467 1365 tota
487 1291 580 1354 caussa
603 1293 722 1373 eripiat,
745 1292 835 1355 modo
852 1295 952 1355 vitam
967 1314 1026 1356 non
1041 1308 1161 1374 eripiat.
1181 1293 1232 1354 Su·
1265 1346 1268 1351 .

266 1390 322 1511 pra
345 1370 455 1451 ubique
465 1391 510 1431 me
532 1371 751 1449 stultissimum,
772 1393 926 1456 rerumque
936 1375 1069 1436 omnium
1077 1370 1232 1452 imperitis-

272 1469 372 1521 ¹mum
383 1447 469 1524 satit,
490 1450 542 1518 oui
551 1451 679 1532 primum
700 1451 863 1532 turpissimo
885 1452 1030 1516 decodiori
1053 1471 1112 1512 rem
1134 1467 1233 1511 meam

254 1506 386 1591 Ktantam
406 1529 575 1590 crediderim
592 1551 601 1603 3
622 1530 725 1594 deinde
746 1531 836 1593 etiam
859 1532 911 1614 qui
932 1533 964 1593 in
986 1546 1051 1594 toto
1069 1528 1124 1590 illo
1143 1528 1234 1591 confi·

263 1608 309 1671 lio
332 1602 409 1668 nihil
430 1607 569 1686 viderim,
590 1631 657 1676 cum
678 1611 771 1675 etiam
790 1611 894 1692 ignoto
914 1611 1053 1674 nebuloni
1072 1607 1177 1684 fidem,
1199 1628 1233 1671 ac

263 1687 390 1749 salutem
412 1707 529 1764 meam,
549 1711 737 1772 meorumque
756 1690 891 1753 omnium
902 1707 963 1754 tam
984 1688 1085 1753 stolide
1106 1689 1233 1751 commi·

266 1768 376 1839 serim3
396 1786 471 1829 nunc
491 1789 561 1831 voro
583 1770 727 1833 ebrietatis
748 1791 798 1832 me
820 1771 984 1834 infimusat.
1003 1771 1053 1832 Tu
1068 1789 1118 1830 ma
1140 1769 1163 1830 is
1179 1788 1231 1831 oar·

254 1868 299 1938 ,co
319 1843 415 1938 furore
436 1845 584 1926 ferebaris,
603 1849 712 1926 scelus,
738 1871 806 1913 cum
828 1850 882 1912 isia
902 1867 953 1913 tua
972 1789 1144 1912 dominandi
1166 1848 1232 1910 libi-

254 1924 333 1989 .d1ne
352 1926 524 2067 aprtabaris,
546 1951 613 1993 cum
631 1931 662 1992 in
679 1951 789 1994 carcere
806 1931 860 1994 ista
875 1931 929 1993 tibi
947 1927 1126 1993 somniabas.
1147 1930 1231 1990 Nam

253 2026 362 2097 cuma
396 2007 479 2069 istam
499 2025 579 2073 tuam
587 2027 798 2150 (praepotentem
811 2010 959 2072 luxuriam
967 2011 1070 2072 omnia
1081 2025 1133 2070 tua
1141 2007 1232 2071 consi-

252 2084 332 2160 sira,
343 2087 578 2168 accogitationes
607 2089 745 2168 irigeres,
762 2090 1061 2163 ejuscaecaaviditas,
1079 2104 1167 2168 atque
1187 2105 1233 2146 ra-

251 2162 363 2227 .bieste
383 2167 505 2228 minime
516 2168 615 2229 videre
636 2167 742 2229 sinebat
753 2188 813 2231 non
821 2168 934 2242 solum,
953 2184 1099 2249 quatem
1117 2164 1232 2251 essent,

263 2244 313 2307 sed
335 2245 497 2328 quaeetiam
520 2246 879 2308 verisimiliaviderentur.
897 2245 955 2307 Cui
968 2243 1127 2316 enimiste,
1149 2243 1231 2302 Ptm-

251 2343 347 2405 .ceps,
369 2322 548 2403 persuadebit
572 2322 840 2386 hocbellumsuum
861 2318 1080 2386 commentum?
1102 2319 1148 2382 cui
1169 2340 1231 2381 non

248 2404 317 2469 .isse
340 2402 434 2484 magis
456 2402 645 2479 hallucinari,
666 2423 699 2466 ac
721 2423 787 2465 vere
809 2423 845 2464 ex
867 2403 940 2464 vino
960 2401 1042 2484 ioqui
1063 2397 1234 2462 videbitur?

250 2502 312 2545 me
333 2480 364 2542 in
385 2501 444 2543 una
464 2482 650 2557 meridiana,
680 2498 713 2544 ut
733 2480 795 2559 fit,
821 2480 940 2545 modica
979 2482 1079 2543 otione
1101 2493 1232 2559 mentem

254 2581 331 2645 ,eam
355 2561 515 2637 amittere,
543 2582 603 2645 qua
629 2582 691 2624 rem
721 2578 834 2626 tantam
865 2577 926 2624 tam
960 2562 1071 2623 elicirer
1090 2557 1232 2642 guberna-

261 2648 344 2705 tem?
368 2641 433 2703 Diis
454 2641 589 2705 omnibus
611 2661 711 2705 omnes
754 2643 840 2704 sarias
862 2653 946 2723 ago,
974 2641 1127 2721 Princeps,
1148 2637 1229 2721 quod

259 2721 314 2783 iste
334 2738 454 2784 metum
474 2721 602 2798 ebrium,
626 2721 720 2784 acalti
743 2741 803 2783 imo
824 2719 925 2784 somno
945 2719 1106 2803 oppressum
1127 2718 1159 2781 in
1176 2739 1228 2781 na·

259 2801 326 2863 vim
348 2800 467 2882 longam
486 2803 616 2885 aliquam
638 2821 698 2864 non
718 2802 865 2877 conjecit,
886 2817 917 2864 at
940 2822 974 2864 ue
991 2801 1048 2863 huc
1069 2800 1106 2862 ad
1127 2815 1157 2861 te
1178 2797 1229 2862 ad·

262 2878 375 2952 vexit,
402 2899 463 2940 rem
494 2882 607 2961 planius
637 2879 795 2972 patefecit.
822 2882 853 2942 0
874 2902 908 2961 pr
948 2879 1091 2944 entissime
1113 2877 1228 2953 Caesar,

259 2974 312 3023 tur
335 2972 399 3019 tum
420 2958 450 3018 id
471 2979 531 3020 non
552 2961 666 3033 vidisti,
709 2959 767 3021 uod
789 2976 845 3022 tua
865 2960 912 3021 isti
931 2959 998 3021 fidei
1021 2954 1227 3039 opportunissi-

259 3056 343 3101 mum
365 3032 453 3098 erat?
474 3037 526 3120 qui
547 3053 593 3100 tot
612 3037 673 3100 falfi
695 3059 755 3100 rma
775 3037 806 3098 in
827 3036 921 3101 caussa
940 3037 1037 3099 multo
1058 3036 1152 3116 magis
1174 3032 1228 3094 sai-

259 3117 289 3179 sa
309 3136 381 3178 exeo
404 3116 475 3177 itare
537 3115 640 3191 tuisti,
667 3136 717 3178 cur
736 3117 815 3198 quod
836 3133 904 3177 ante
925 3117 1025 3176 oculos
1045 3128 1133 3188 erat,
1163 3129 1226 3173 non

262 3195 360 3259 vidisti
402 3196 456 3258 Sed
464 3195 495 3256 ni
520 3196 657 3258 ilhorum
665 3191 847 3336 puoquesuit
862 3238 869 3254 .
886 3194 951 3256 Nec
959 3189 1228 3283 mimmesi,'siqui

257 3275 292 3349 io
313 3276 421 3337 ceteris
443 3275 518 3338 nihii
540 3275 590 3337 sibi
611 3295 666 3338 con
691 3291 738 3350 at,
759 3275 791 3334 in
812 3272 867 3336 hac
887 3290 1004 3355 quoque
1026 3270 1165 3332 ebrietate
1181 3274 1227 3332 m'·

258 3354 352 3425 sanir.
375 3355 446 3418 Duo
465 3358 635 3437 postremo,
658 3354 819 3434 Princeps,
841 3351 930 3416 video
951 3367 981 3414 te
999 3349 1085 3416 valde
1104 3349 1224 3423 mitari3

259 3435 404 3510 aiterum,
425 3435 501 3498 unde
521 3434 597 3511 iste,
617 3433 638 3495 si
658 3431 733 3494 mihi
754 3453 820 3494 cum
840 3451 877 3494 eo
897 3430 996 3494 nullus
1015 3429 1080 3493 usus
1101 3428 1227 3492 familia·

258 3513 322 3577 rior
341 3513 422 3592 suit,
444 3532 505 3578 tam
525 3515 601 3577 belle
622 3532 744 3577 manum
764 3531 861 3575 meam
881 3507 1016 3592 effingere
1034 3510 1163 3584 didicit,
1183 3511 1226 3573 ai·

259 3609 358 3657 tetum
373 3638 384 3670 ,
401 3614 490 3677 quare
510 3595 561 3659 iste
580 3597 612 3656 in
632 3591 820 3660 certisiimum
842 3590 910 3654 vita
931 3591 1090 3673 periculum
1110 3591 1138 3652 se
1160 3607 1223 3652 tam

260 3688 374 3737 temere
395 3674 545 3750 conjecit,
574 3674 627 3736 nisi
655 3673 685 3735 id
706 3672 807 3754 aliqua
826 3672 868 3732 rei
888 3671 1008 3733 veritate
1027 3671 1115 3733 fretus
1135 3668 1226 3732 fecit?

260 3751 379 3829 Quibus
401 3773 457 3834 ego
477 3753 604 3835 utrisque
624 3772 702 3815 nunc
720 3749 922 3827 satisfaciam,
951 3749 1036 3833 idque
1055 3762 1145 3834 quam
1166 3749 1229 3808 bre·

263 3829 399 3905 visbme5
418 3831 499 3914 quod
519 3851 587 3898 etun
606 3829 715 3911 secero,
732 3828 889 3915 perorabo.
908 3831 955 3899 Ac
975 3831 1055 3918 quod
1075 3828 1229 3964 ιάῐξὲξη·

1293 3960 1351 4062 Ι
