3000 4559
278 484 912 771 uffrurnouprrnr
962 599 1007 700 a
1053 562 1233 699 ccu

599 824 628 890 0
654 826 689 894 R
720 825 758 892 A
784 826 817 892 T
848 822 928 891 10

276 1023 321 1097 In
360 1045 428 1119 qua
465 1014 689 1115 disputatur,
725 1039 841 1090 utrum
881 1007 1039 1102 melius,
1077 1037 1123 1083 an
1154 1012 1230 1088 Rex

303 1176 307 1186 ·
333 1131 454 1206 absens
480 1138 542 1229 per
570 1125 701 1214 alium,
728 1153 771 1200 an
800 1122 914 1228 magis·
940 1124 1011 1228 ipse
1038 1122 1182 1228 praesens

563 1239 696 1315 bellum
724 1238 821 1314 suum
838 1239 968 1342 gerat.

295 1432 361 1496 au
383 1426 701 1492 aaruousurr
723 1422 1000 1490 erratura
1017 1391 1213 1487 uucrnr'.

277 1597 454 1649 s·“*²'.53÷1÷³·‘*
471 1590 558 1667 Agna
572 1586 764 1650 controversia
778 1584 832 1660 esl,
853 1583 1003 1666 Alphonse
1019 1583 1124 1646 Prince
1172 1602 1226 1645 am·

275 1664 293 1740 J*
363 1690 369 1699 ¹
433 1688 437 1710 ¹
482 1667 623 1748 plissrme,
642 1683 741 1729 utrum
765 1665 796 1727 in
817 1665 894 1731 bello
917 1664 1017 1726 utilius
1040 1663 1093 1737 stt,
1153 1662 1243 1724 Ptin-t

274 1750 301 1810 lb
380 1800 390 1808 .
434 1788 444 1828 ἶ
480 1752 568 1828 cepa,
586 1762 638 1809 aut
656 1748 739 1820 Rex,
760 1765 886 1828 quotum
906 1744 999 1807 caussa
1020 1742 1132 1804 bellum
1146 1762 1224 1822 gera-

274 1822 307 1895 ls
333 1863 390 1913 ,,«
481 1843 548 1900 tur,
568 1827 579 1886 i
600 1828 622 1887 fi
642 1827 755 1897 Duces3
776 1846 815 1889 an
834 1824 999 1905 petasius,
1019 1822 1093 1884 illud
1114 1835 1225 1961 perant,

274 1908 275 1915 ’
386 1912 419 1928 ““
480 1908 549 1982 Qua
588 1926 654 1967 ere
674 1926 740 1966 cum
758 1905 889 1966 hesterno
905 1905 951 1965 die
967 1903 1026 1964 duo
1043 1900 1113 1963 nobi
1127 1899 1222 1975 issimi,

269 1993 361 2060 atque
388 1980 544 2047 doclissrmi
572 1985 766 2050 adolescentes
792 1984 862 2048 satis
888 2005 923 2048 co
945 1982 1004 2045 iose
1032 1997 1154 2064 uterque
1178 1999 1223 2061 pra
1261 2048 1262 2057 ¹

269 2056 323 2120 sua
347 2077 432 2141 parte
450 2064 528 2145 apud
546 2085 595 2127 me
614 2064 826 2146 disputassent,
853 2080 882 2125 te
908 2004 1056 2125 aEsentem
1084 2061 1221 2135 Iudicem,
1260 2080 1262 2147 3

270 2140 532 2228 mepraesentetn,
560 2144 640 2228 quasi
662 2165 850 2207 communem
872 2144 1032 2206 Patronum
1048 2185 1060 2216 ,
1078 2142 1132 2225 qui
1152 2158 1221 2281 cepte
1260 2150 1262 2233 i

270 2217 422 2300 utriusque
440 2241 629 2305 argumenta,
649 2242 739 2308 atque
757 2226 882 2287 tationes
901 2221 954 2285 tibi
970 2222 1164 2302 explicarem,
1198 2228 1221 2283 e·
1260 2236 1262 2303 l

269 2295 389 2376 segete.
416 2303 515 2376 Quare
546 2325 601 2386 ego
621 2303 684 2446 but
707 2305 742 2365 iis
767 2305 860 2364 amice
882 2302 974 2382 recepi
987 2301 1005 2383 Ῑ
1024 2300 1114 2362 fidem
1135 2316 1218 2361 meam
1260 2312 1262 2331 ¹

267 2395 346 2467 nunc
365 2381 481 2457 praesto,
503 2384 560 2461 ipse
582 2404 620 2472 po
644 2406 704 2459 ea,
727 2400 760 2445 ut
782 2405 801 2444 a
821 2403 867 2443 me
890 2398 1056 2462 peroratum
1077 2381 1148 2454 erit,
1169 2376 1217 2439 utri
1258 2334 1262 2439 1

268 2473 362 2536 magra
383 2458 547 2536 adjudices,
567 2462 692 2525 videbis.
715 2463 866 2524 Continuo
889 2463 994 2541 igitur,
1017 2461 1069 2542 qui
1088 2459 1218 2551 peralior
1258 2442 1262 2533 1

266 2551 328 2593 tem
348 2539 504 2615 gerendam
525 2541 577 2602 esse
596 2540 746 2615 censebat,
765 2543 934 2622 Regemque
950 2540 987 2601 ab
1001 2556 1128 2601 exercttu
1148 2557 1218 2618 pror·

184 2647 187 2651 >
266 2612 312 2672 sus
333 2617 503 2692 amovebat,
525 2619 571 2680 his
589 2619 751 2685 rationibus
768 2621 852 2681 valde
871 2619 934 2758 Eut
950 2618 1105 2680 videbatur
1145 2613 1217 2677 caus·

265 2691 326 2753 sam
348 2692 428 2756 suam
449 2697 597 2760 tuebatur.
619 2700 749 2762 Primum
771 2700 848 2759 enim
890 2697 1010 2773 icebat,
1033 2698 1064 2759 in
1086 2696 1162 2759 belo
1180 2693 1216 2756 tei
1258 2716 1261 2757 t

263 2770 409 2832 summam
430 2774 461 2836 in
483 2775 628 2843 summum
648 2777 800 2841 discrimen
821 2779 899 2840 haud
926 2798 983 2858 qua
1007 2797 1077 2839 uam
1104 2775 1157 2838 esse
1176 2774 1218 2836 ad·
1258 2762 1261 2837 1

267 2849 441 2940 ducendam.
462 2856 541 2916 Nam
557 2876 624 2917 cum
646 2857 741 2937 multa
757 2857 786 2917 in
797 2876 831 2918 eo
848 2799 1026 2937 providenda
1041 2856 1113 2931 sint,
1134 2872 1217 2916 unum

265 2926 343 3018 illud·
359 2951 389 2990 tn
408 2933 526 3012 primis,
548 2937 611 3000 imo
630 2956 702 2998 vero
716 2938 849 2999 omnium
867 2938 1011 3018 primum,
1032 2956 1071 2996 ne
1092 2935 1134 2996 rei
1151 2934 1217 2996 sum·
1258 3004 1261 3011 ⁴

264 3027 314 3098 tna
335 3029 365 3070 m
386 3010 532 3077 summum
547 3015 706 3157 periculum
728 3032 866 3090 vocetur,
884 3018 967 3078 omni
984 3016 1144 3095 diligentia
1158 3033 1218 3095 pro-

263 3089 420 3180 vrdendum
441 3093 522 3170 esse,
559 3096 633 3158 acile
653 3094 815 3177 probabat.
846 3100 946 3174 Quare
965 3095 1217 3174 etiam-fignomm

264 3169 454 3247 collationes,
471 3193 536 3257 quae
556 3172 607 3237 nist
623 3191 677 3237 aut
688 3174 916 3257 exploratiffima
932 3175 1074 3249 vittoria,
1088 3191 1143 3236 aut
1157 3190 1217 3234 cum

263 3269 309 3310 tes
321 3270 365 3339 'eo
385 3251 472 3313 dueta
489 3254 529 3315 est
545 3298 556 3329 ,
576 3271 611 3318 ut
629 3258 762 3337 praelium
781 3255 932 3319 detrectari
949 3276 1008 3317 non
1029 3252 1136 3334 possit,
1157 3273 1218 3313 con·

262 3323 328 3416 seru
350 3330 475 3407 debent,
494 3335 622 3396 maxime
637 3336 823 3406 devitantur3
847 3351 879 3396 ut
896 3337 985 3411 etiam
1003 3354 1063 3395 non
1080 3332 1216 3404 desuerit,

261 3405 345 3495 isque
364 3412 491 3499 optimus
511 3413 690 3492 Imperator,
710 3415 762 3498 qui
782 3414 891 3476 bellum
912 3410 1052 3476 trahendo
1073 3413 1220 3475 cundlato

262 3503 302 3546 ris
322 3486 523 3565 calumniam,
549 3513 640 3568 quarn
667 3514 735 3556 cum
765 3493 850 3574 Reip.
869 3494 970 3576 aliquo
990 3493 1121 3572 periculo
1144 3492 1218 3573 signa

263 3563 409 3639 conferre,
429 3567 540 3634 facilius
556 3572 589 3634 fit
605 3571 713 3652 passus.
735 3577 805 3648 Quo
818 3593 878 3633 uno
894 3573 1038 3647 concesso,
1057 3571 1134 3634 illud
1149 3591 1216 3654 quo·

262 3662 320 3723 que
341 3643 489 3709 necessario
509 3653 700 3726 conceditur,
720 3652 811 3730 Regis
833 3654 1010 3731 ptaesentiam
1033 3672 1052 3712 a
1073 3652 1156 3713 bello
1172 3670 1217 3732 ge·

202 3728 206 3739 ¹
262 3722 351 3785 tendo
370 3728 494 3813 omnino
514 3728 567 3790 elle
588 3730 809 3804 abducendam‚
829 3750 916 3812 atque
937 3752 987 3812 pet
1006 3731 1108 3805 alioS,
1129 3749 1214 3814 quam

209 3833 212 3838 ’
261 3818 312 3888 pet
330 3803 378 3882 se,
398 3806 471 3869 tllud
489 3808 604 3889 prorsus
621 3813 684 3892 geri
705 3826 861 3892 oportere,
880 3811 1026 3895 quando,
1044 3832 1138 3895 quam
1160 3811 1216 3880 eim

496 3917 497 3921 ¹
1108 3910 1180 3974 prae‘
