3000 4559
326 472 396 556 '64ss
550 464 801 537 'BARTHOL
821 465 990 532 arceri
1079 531 1082 535 ,
1133 534 1135 539 ,

286 566 325 617 ne
345 555 504 639 quicquam
525 552 583 615 illis
604 548 723 615 inserior
738 551 800 613 sit.
822 552 899 613 Rem
920 550 1000 611 enini
1020 547 1156 611 consulto
1175 545 1249 612 inei·¹

286 635 367 775 piet,
388 635 547 716 incoeptam
570 630 712 707 fortiter,
733 647 822 713 atque
842 629 963 692 feliciter
983 617 1134 692 conficiet.
1156 629 1251 710 siqui-

305 734 352 775 em
378 715 410 798 in
440 712 614 776 consulendo
643 712 733 794 Regis
754 709 938 792 prudentiam
959 725 993 772 ut
1012 722 1132 792 aequet,
1164 729 1251 774 omno

285 791 369 863 fuum
391 793 566 868 consilium,
595 794 627 854 in
648 810 739 854 manu
768 812 839 853 vero
869 788 1042 853 conserenda
1064 804 1098 850 ut
1116 808 1185 849 eum
1206 788 1252 850 sui

282 879 502 954 peret,·omnes
524 871 588 934 suas
606 871 709 947 vires,
730 890 831 932 omnes
853 870 916 932 suos
937 884 1058 932 conatus
1080 867 1248 938 adhibebit-3

282 953 424 1036 quarsine
442 953 499 1015 hoc
527 951 624 1033 Regio
655 951 808 1032 impulsu,
837 966 870 1012 at
890 965 927 1013 ue
947 949 1043 1011 alieno
1065 947 1249 1028 Imperatore

282 1032 437 1114 ignavius,
456 1047 545 1113 atque
565 1030 756 1094 inconsultius
778 1029 840 1112 [ut
864 971 963 1111 Papius
987 1029 1048 1090 fieri
1078 1028 1152 1091 solet
1200 1026 1248 1108 agi

281 1112 455 1194 potuissent.
476 1110 557 1188 Quid
578 1112 666 1187 item,
686 1110 765 1193 quod
786 1112 818 1171 iri
838 1111 913 1172 hanc
929 1108 1087 1170 visloriam
1109 1107 1150 1168 ho
1178 1108 1183 1118 '
1213 1126 1246 1173 ea

281 1211 399 1279 quoque
418 1191 530 1277 ratione
553 1209 602 1252 rna
623 1192 647 1252 is
665 1189 853 1260 incitabitur3
873 1189 953 1271 quod
970 1208 1034 1249 earn
1051 1183 1184 1262 laudem,
1205 1201 1246 1248 at-

281 1289 339 1351 que
359 1271 504 1352 gloriam,
525 1271 546 1331 si
568 1213 665 1333 vidior
686 1271 746 1346 sit,
774 1289 842 1332 cuni
863 1269 947 1330 nullo
968 1269 1048 1348 Rege
1070 1267 1122 1328 suo
1143 1265 1245 1328 habeat

280 1349 581 1425 communicandam,
611 1349 658 1411 sed
686 1349 768 1415 suani
796 1350 945 1430 propriam
974 1350 1070 1409 totam
1090 1343 1244 1428 agnoscat?

278 1430 339 1504 At,
359 1450 419 1512 quo
432 1446 575 1570 praterea
596 1429 703 1491 vestitu
726 1431 789 1490 Rex
810 1428 877 1503 iste,
897 1427 918 1488 fi
940 1426 1028 1501 adst,
1052 1428 1083 1487 in
1106 1426 1185 1500 acie,
1205 1424 1243 1484 in·

300 1509 360 1585 uit,
381 1507 558 1571 vetabitur?
580 1511 661 1570 Nam
683 1509 703 1569 si
723 1509 836 1585 alieno,
858 1524 892 1569 ut
912 1505 946 1568 fit
966 1506 1113 1568 interdum
1138 1505 1172 1567 ad
1196 1505 1240 1565 bo·

277 1528 352 1649 bern
373 1586 552 1664 fallendum,
574 1588 598 1649 is
621 1605 683 1650 tarn
704 1609 722 1649 a
743 1588 819 1663 suis,
838 1607 928 1669 quam
948 1586 1038 1649 etiam
1060 1585 1098 1646 ab
1118 1583 1240 1667 hostibus

278 1685 339 1728 non
356 1667 542 1749 agnoscetur,
562 1684 652 1750 atque
669 1669 711 1729 ita
727 1667 824 1728 nihilo
839 1667 964 1747 amplius
982 1664 1133 1746 proficiet,
1155 1682 1240 1746 quam

278 1745 299 1806 fr
320 1748 444 1827 gregalis
466 1748 500 1809 sit
521 1767 607 1830 eques
624 1793 632 1807 .
652 1747 735 1824 Quin
757 1747 826 1808 huic
848 1746 923 1808 nulli
943 1745 1055 1808 auxilio
1076 1744 1107 1806 id
1151 1761 1237 1824 noque

279 1823 387 1885 summi
408 1827 518 1888 accedit
540 1827 685 1917 periculi,
715 1827 794 1909 quod
822 1826 842 1886 si
871 1845 960 1907 equus
984 1825 1069 1885 illurn
1093 1763 1234 1896 defecerit,

278 1919 331 1965 aut
353 1904 377 1964 is
398 1924 432 1965 ex
452 1926 487 1967 eo
507 1907 609 1988 ahquo
630 1907 710 1967 malo
730 1904 793 1967 sato
813 1906 977 1980 exciderit,
1005 1923 1149 1983 magnum
1170 1901 1234 1982 peti

278 1982 378 2044 culum
399 1985 472 2059 erit,
494 2005 530 2046 ne
550 1987 697 2066 inpugna
717 1985 889 2060 collidatur,
910 2000 941 2045 at
962 2005 998 2047 ue
1018 1980 1233 2074 incognitus-ab

279 2061 415 2153 omnibus
437 2064 597 2127 inculcatus
620 2065 785 2127 deseratur.
806 2065 837 2126 Si
860 2005 1001 2126 veroiuo
1023 2065 1123 2143 Regio
1143 2059 1233 2123 indua·

277 2155 343 2217 tur,
366 2156 398 2204 ut
418 2144 552 2234 cognitus
573 2145 630 2206 suis
652 2145 784 2207 animum
806 2143 910 2220 addat,
933 2160 1035 2205 contra
1059 2141 1132 2203 hosti
1155 2157 1232 2202 tetro·

277 2238 341 2282 rem
377 2222 501 2286 incurrat
515 2259 539 2300 ,-
553 2224 727 2315 respondet.
758 2224 889 2286 Primum
906 2224 993 2304 longe
1020 2222 1032 2303 [
1048 2236 1082 2312 ut
1098 2240 1174 2282 nunc
1187 2239 1230 2284 no·

275 2300 332 2361 lira
351 2302 391 2362 est
412 2303 550 2443 militiaip
570 2325 602 2366 in
619 2319 837 2395 campartem,
859 2304 890 2363 in
912 2322 970 2383 qua
986 2304 1114 2391 Regium
1132 2299 1234 2439 insat·
1275 2312 1276 2377 ζ

275 2380 470 2461 conspexerit,
487 2383 525 2444 ho
550 2404 597 2444 ein
609 2404 713 2444 omnia
729 2399 876 2445 tormenta
891 2383 1032 2442 militaria
1048 2381 1101 2444 esse
1117 2379 1177 2441 dire
1218 2410 1228 2424 ·
1273 2412 1276 2455 t

275 2480 365 2536 rum,
387 2478 475 2543 atque
503 2483 593 2523 unam
615 2482 679 2523 earn
701 2480 814 2543 partem
835 2460 1070 2543 frequentissimis
1090 2459 1159 2540 pilis
1177 2476 1229 2520 vei·
1274 2458 1276 2507 l

273 2538 456 2616 beraturum,
480 2562 513 2602 ac
534 2543 646 2621 Regem
668 2542 763 2622 ipsum
786 2562 838 2622 pro
853 2542 904 2602 suo
926 2539 986 2620 [ut
1002 2538 1133 2619 dicunt]
1153 2538 1228 2618 scopo
1273 2516 1276 2607 i

275 2618 400 2698 positum
430 2619 629 2681 habiturum.
668 2621 780 2681 Deinde
808 2622 945 2703 quamvis
983 2620 1156 2682 occasionem
1186 2636 1230 2676 na·
1272 2618 1276 2697 l

274 2696 354 2772 slus,
375 2717 466 2786 quain
489 2701 617 2780 undique
640 2699 824 2775 observans,
847 2699 895 2761 vel
917 2699 1074 2762 minimam
1094 2696 1226 2777 arripiet.
1272 2738 1276 2793 4

273 2776 337 2836 Aut
363 2795 441 2836 enim
466 2775 559 2852 dolo,
588 2795 677 2859 atque
701 2778 809 2840 insidiis
833 2779 918 2840 illurn
944 2796 1087 2859 appetet,
1117 2792 1168 2838 aut
1199 2773 1225 2837 ri
1273 2802 1276 2855 ¹]

270 2870 396 2944 aperta,
418 2871 506 2936 atque
527 2857 620 2919 animi
641 2858 751 2919 virtute
769 2858 821 2921 vvel
841 2859 873 2919 in
895 2859 960 2939 ipfis
982 2857 1116 2921 tentoriis
1137 2873 1228 2938 aggre-

272 2933 392 2995 dietur:
414 2951 448 2995 ut
469 2937 620 2999 Romanus
643 2937 797 2999 Porsenam
818 2938 929 3020 Regem
950 2937 1018 3000 secir
1034 2971 1047 3016 ,·
1074 2954 1164 3020 quern
1181 2932 1225 2995 nisi
1275 2996 1276 3007 ,

270 3012 438 3103 nobiliffimi
457 3015 643 3078 adolescentis
670 3014 792 3093 forma,
819 3039 908 3099 quam
930 3038 983 3108 pro
1003 3019 1086 3098 Rege
1107 3014 1226 3096 accepit,

269 3091 425 3169 fefellisset,
446 3115 505 3155 uno
526 3095 586 3158 inu
606 3094 714 3161 bellum
736 3098 809 3159 illud
829 3097 1012 3172 confecisset,
1032 3095 1226 3177 Populumqua
1275 3110 1276 3135 ¹

268 3171 438 3234 Romanum
460 3173 604 3237 obsidione
627 3174 791 3238 liberasset.
821 3177 927 3252 Quid,
978 3177 1035 3238 uod
1056 3196 1118 3237 non
1141 3174 1225 3236 solum

267 3250 323 3312 hoc
344 3252 380 3312 ab
400 3253 478 3315 holle
501 3254 545 3314 illi
567 3256 755 3317 metuendum
772 3256 827 3330 est,
842 3256 895 3316 -sed
918 3277 935 3316 a
956 3197 1013 3317 fuis
1029 3257 1121 3316 etiam
1137 3251 1227 3315 nihilo

267 3329 404 3419 ignavius
426 3333 656 3412 providendum?
679 3352 711 3396 ut
735 3337 846 3416 Pyrrho
867 3335 1102 3416 EpirotarumR
1144 3335 1226 3394 ieie.

266 3409 375 3501 nisset,
397 3410 448 3471 nisi
477 3415 599 3496 antiqua
621 3414 747 3476 Fabricii
769 3415 882 3477 bonitas
906 3415 950 3476 illi
971 3415 1072 3495 praesto
1094 3354 1225 3500 affuisset³

268 3506 338 3568 qui,
367 3510 455 3572 quem
473 3492 536 3564 ¹sibi
557 3494 641 3566 illurn
663 3513 777 3556 veneno
797 3511 964 3556 necaturum
984 3493 1157 3567 obtulerat,
1186 3488 1224 3551 illi

266 3587 334 3628 cum
343 3568 411 3632 <suis
434 3571 542 3647 literis,
565 3572 669 3653 quibus
691 3592 758 3633 eum
780 3574 815 3634 de
836 3590 899 3634 tota
918 3595 948 3634 re
968 3574 1125 3635 certiorem
1146 3568 1222 3632 facie·

266 3643 317 3707 bat
333 3691 343 3722 ,
362 3649 494 3713 vinstum
515 3652 635 3713 remisit.
658 3652 822 3713 Alexander
843 3673 932 3727 vero,
953 3651 1013 3732 [ut
1036 3652 1127 3713 multi
1144 3647 1221 3730 suspi-
1273 3696 1276 3707 .

268 3742 385 3803 cantur,
442 3731 495 3791 hac
520 3751 578 3792 una
600 3732 712 3792 ratione
732 3732 767 3791 de
787 3732 883 3792 medio
903 3752 921 3790 a
943 3734 1000 3793 suis
1022 3731 1152 3793 sublatus
1172 3727 1219 3788 etl.
1263 3738 1266 3757 '

266 3807 335 3880 Quo
355 3808 512 3891 mutiplici
533 3811 688 3890 periculo,
716 3813 859 3894 quoniam
879 3809 963 3897 Resp.
984 3828 1088 3887 earet,
1119 3831 1154 3873 eo
1175 3800 1238 3879 fib*
1265 3830 1276 3871 ‘-

1156 3904 1187 3949 ut
1259 3905 1262 3913 ·
