3000 4559
392 520 430 566 eo
603 494 856 562 B'ARTHOL
884 496 1052 562 Riccll

346 572 540 649 santliffimis'⁴
568 580 695 662 Legibus
717 581 771 644 sua
792 581 874 662 Reip.
895 582 1007 662 optime
1027 577 1173 661 prospeiit
1195 618 1207 654 ,
1238 573 1271 639 itt
1287 580 1320 639 ε’»

346 666 392 738 ius
414 661 585 725 beneficium
607 662 696 723 etiam
737 663 863 723 rivatam
873 661 1028 724 stultitiam
1039 657 1198 720 simulasse.
1220 659 1313 733 Nam,

344 746 426 827 quod
455 745 491 805 de
510 741 658 804 Salamina
679 681 772 809 iniirla
792 741 983 822 recuperanda
1012 739 1049 802 ad
1070 740 1215 801 Senatum
1235 737 1319 825 Lege.

345 822 445 886 referri
466 843 527 884 non
548 821 677 896 licebat,
706 821 730 882 is
751 821 788 882 ad
808 822 975 903 populum,
1005 835 1038 883 ut
1061 835 1159 880 mente
1180 833 1311 898 captus,

345 904 445 987 palam
466 901 496 964 id
513 899 681 983 proposuit,
703 921 722 961 a
753 922 792 962 uo
812 901 848 962 ad
869 903 1006 963 Senatum
1028 898 1158 962 delatum
1181 896 1247 969 est3
1262 897 1319 959 Se«¹

346 1000 435 1047 natus
455 998 556 1044 autem
586 982 696 1061 Legem
719 923 801 1042 iliam
822 981 965 1062 abrogans
998 980 1030 1042 in
1050 977 1176 1040 insulam
1199 978 1319 1063 recuptef

346 1063 469 1126 randam
491 1076 569 1124 totus
592 1058 749 1136 incubuit,
778 1062 938 1142 cujusquo
962 1080 997 1121 ue
1056 1058 1106 1119 ulo
1127 1057 1193 1139 post
1211 1055 1253 1118 eil

345 1144 438 1205 titus.
461 1143 523 1215 Ac,
546 1141 623 1203 utad
640 1139 769 1202 nostrum
785 1141 917 1216 redeam,
940 1082 991 1202 bii
1023 1154 1154 1212 acerem,
1177 1135 1319 1211 Judioets·

348 1239 385 1286 ut
407 1221 479 1283 tales
500 1222 630 1303 privatos
651 1220 728 1282 viros
738 1221 900 1302 complures
923 1221 982 1281 haec
1002 1218 1099 1281 nostra
1119 1217 1211 1297 Resp.
1230 1212 1310 1277 habe·

348 1318 411 1366 ret.
431 1303 502 1364 Non
519 1301 597 1363 euim
615 1319 667 1363 vos
683 1300 715 1360 in
731 1300 887 1372 judicando
904 1317 950 1362 tot
966 1346 976 1375 ‚
995 1320 1029 1360 ac
1045 1297 1135 1359 tantis
1158 1293 1315 1358 sceleribus·

350 1381 563 1462 occuparemini
582 1402 591 1453 3
618 1399 711 1460 neque
736 1381 768 1441 in
784 1380 851 1461 iplis
868 1379 980 1450 iudiciis
1001 1376 1139 1440 faciendis
1159 1374 1251 1438 vobis
1270 1393 1311 1436 cu·

347 1461 448 1545 iusque
469 1461 649 1542 potentiam,
669 1461 844 1542 quominus,
866 1459 938 1540 quid
958 1457 1120 1532 sentiretis,
1142 1454 1239 1518 libere
1253 1473 1312 1538 pm·

349 1541 480 1617 serretis,
501 1556 649 1630 tantopere
670 1539 929 1620 pertimescendum
950 1537 1033 1600 essct.
1153 1563 1156 1567 ’

362 1652 367 1665 ·
387 1624 503 1697 Quare,
524 1620 646 1692 Judrces,
668 1640 761 1702 neque
781 1619 863 1682 uobis
884 1619 1042 1701 quicquam
1064 1619 1125 1679 Lex
1148 1615 1211 1678 sive
1226 1612 1263 1679 ad
1279 1613 1314 1677 la·

348 1703 421 1766 toris
442 1700 613 1761 sententiam
630 1742 640 1774 ,
660 1699 718 1760 slve
739 1700 827 1761 etiam
849 1699 885 1760 ad
907 1697 1052 1780 scriptum,
1065 1695 1250 1777 explicetur,
1269 1693 1314 1756 ob·¹

347 1781 421 1842 slare
441 1778 582 1863 videtur,
610 1780 768 1860 quominus
797 1780 852 1840 hoc
872 1777 979 1848 judicio
1007 1778 1193 1848 liberemur;
1225 1792 1316 1857 neque.

345 1862 468 1922 Senatus
489 1859 630 1930 judicium
652 1858 776 1920 caullam
800 1859 925 1919 nostram
949 1858 1093 1932 damnat,
1114 1855 1169 1938 qu'i
1193 1875 1256 1919 non
1275 1852 1316 1915 so··

346 1941 411 2002 lum
439 1954 542 2000 contra
571 1940 675 2018 Remp.
695 1960 755 2000 non
777 1937 927 2014 fecimus,
956 1937 1020 2013 sed,
1042 1935 1123 2019 quod
1145 1935 1279 1997 maxime
1296 1951 1320 1995 e*

345 2021 422 2100 Rep
443 2017 535 2093 ellet,
555 2016 702 2080 effecimus
721 2041 730 2090 3
750 2039 849 2101 neque
866 2018 998 2100 Pompeii
1040 2016 1137 2080 uastio
1154 2017 1317 2097 quicqum

346 2098 483 2161 adversus
502 2116 556 2159 nos
576 2097 725 2160 constituit
742 2100 851 2181 ,quod
874 2098 924 2179 ipsr
945 2118 1005 2160 non
1017 2038 1201 2170 iateamur,
1224 2090 1316 2158 vobis·

343 2198 403 2261 que
423 2179 536 2257 optime
554 2198 619 2240 com
642 2177 774 2240 robemus
792 2201 801 2251 ;
822 2199 914 2260 neque
935 2222 944 2254 ,
974 2176 1053 2261 quod
1078 2197 1096 2237 a
1116 2173 1238 2236 Milone
1260 2171 1313 2255 pri³

343 2274 416 2320 vato
439 2259 540 2333 Viro,
569 2198 653 2320 nulio
672 2258 783 2320 Senatu·
811 2259 1002 2339 imperante,
1031 2256 1059 2319 id
1081 2255 1188 2317 Patriae
1213 2250 1318 2336 praesti·

272 2387 278 2399 ,
343 2354 409 2400 tum
431 2337 490 2413 sit,
517 2337 596 2428 quod
617 2338 643 2398 ei
673 2337 895 2400 saluberrimum
915 2336 972 2400 fuit
992 2335 1169 2429 ,quodque
1190 2333 1265 2417 quis
1279 2350 1313 2395 ut.

217 3814 332 4058 χ

341 2417 428 2478 Civis
458 2433 560 2496 nature
581 2416 706 2497 impulsu
727 2419 855 2498 prastare
874 2418 984 2491 debet,
1015 2415 1268 2497 impedimentoe
1300 2442 1312 2488 ,-

344 2495 502 2577 quominus
524 2499 548 2556 is
570 2498 600 2557 in
622 2516 655 2556 ea
676 2497 809 2561 Ciuitate
830 2499 1014 2574 retineatur,
1044 2498 1076 2557 in
1096 2516 1156 2578 qua
1180 2510 1217 2557 ut
1235 2506 1321 2564 cate·-

343 2576 460 2638 riboni
492 2573 634 2637 tutoelle
664 2576 800 2656 possent,
829 2575 879 2639 sua
897 2578 1035 2653 virtute,
1064 2591 1153 2658 atque
1183 2571 1309 2656 periculo

344 2650 483 2795 ἰεςῗοεὶτ.
520 2657 590 2729 Quo
613 2674 672 2715 uuo
701 2655 860 2737 aequissimo
887 2656 983 2719 vellro
1002 2655 1110 2727 judicio
1138 2674 1176 2715 ea
1194 2636 1319 2735 quoqud'

377 2752 430 2813 erp.
453 2734 568 2810 nostra,
589 2732 728 2811 Iudices,
750 2757 810 2796 non
833 2739 975 2817 postrema
1004 2736 1161 2818 sequentur
1183 2738 1311 2795 commod

345 2810 410 2883 da3
431 2812 584 2892 primum,
612 2812 691 2895 quod
713 2816 889 2896 potentiores
918 2818 950 2877 in
972 2816 1022 2878 sua
1051 2814 1174 2876 licentia
1195 2811 1312 2877 abutens

344 2891 408 2966 da,
436 2908 524 2972 atque
552 2893 584 2952 in
605 2893 711 2964 injuria
740 2894 918 2958 tenuioribus
947 2895 1093 2958 inserenda
1115 2892 1314 2967 remissiores,

345 2989 435 3052 atque
464 2973 633 3033 attentiores
654 2972 725 3034 fient
747 2994 756 3042 ;
778 2996 846 3036 nam
867 2997 935 3038 cum
957 2977 1141 3056 intelligent,
1164 2973 1224 3035 hoc
1244 2989 1310 3055 quo.-

344 3069 403 3132 que
425 3051 515 3112 modo
534 3051 562 3111 se
582 3051 656 3113 recte
679 3052 803 3118 interfici
830 3058 931 3136 polle,
952 3076 1004 3118 nec
1026 3076 1093 3118 cum
1117 3068 1172 3116 aut
1195 3072 1234 3115 ex
1255 3064 1312 3117 con

342 3131 438 3210 ruptis
457 3154 476 3218 ,ζ
488 3146 538 3191 aut
562 3147 642 3192 metu
651 3134 794 3272 ¹perculsis
814 3135 962 3207 Judicibus
982 3134 1163 3218 effugerint,
1195 3132 1230 3195 se.
1249 3128 1314 3199 satit

344 3225 445 3271 tamen
469 3210 629 3272 incolumes
685 3228 790 3290 turos,
811 3216 900 3276 aliam
923 3216 1041 3277 vivendi
1064 3215 1213 3276 rationem
1234 3209 1311 3281 ,inid

341 3303 428 3378 ment
446 3332 455 3362 ,
476 3309 540 3371 quae
561 3289 688 3352 Civitati
701 3295 879 3375 acceptior,
907 3294 991 3357 bonis
1012 3296 1103 3356 etiam
1124 3291 1234 3356 utilior
1255 3290 1312 3359 fitl

341 3366 469 3455 deinde,
499 3369 580 3448 quod
605 3367 764 3432 fortissimis
795 3375 947 3450 Civibus,
973 3374 1088 3456 quoties
1117 3372 1233 3453 aliquis
1251 3369 1308 3451 citt

342 3465 457 3537 generis
477 3463 630 3527 exurgat,
656 3451 709 3532 qui
731 3454 836 3535 Remp.
858 3468 967 3528 vexet,
994 3455 1045 3535 qui
1066 3451 1151 3515 bonis
1175 3448 1306 3519 omnibu
1343 3458 1351 3579 ἱ

338 3543 460 3594 iniurias
480 3545 581 3587 omnes
603 3527 728 3605 afferat,
747 3533 799 3614 qui
820 3532 896 3593 nihil
918 3553 1011 3614 neque
1027 3550 1129 3613 turpe,
1146 3544 1249 3615 neque¹
1264 3538 1307 3593 ud·

335 3602 382 3665 sas
403 3602 532 3694 habeat,
553 3605 580 3695 'si
602 3609 734 3670 animum
757 3631 816 3672 non
836 3611 1029 3686 addideritis,
1058 3613 1111 3701 qui
1133 3610 1307 3694 suaspontt
1338 3616 1351 3662 ⁰¹

338 3700 393 3764 pro
421 3682 518 3774 Patria
538 3685 672 3749 libertate
700 3691 800 3749 omnia
822 3691 948 3770 pericula
978 3691 1084 3755 adituri
1105 3689 1202 3766 sunt,
1232 3704 1302 3755 cent
1335 3694 1351 3756 l

338 3777 374 3825 ut
393 3761 522 3853 officium
545 3764 627 3827 suum
650 3787 702 3847 per
720 3769 825 3830 vestras
848 3769 1000 3832 sententias
1022 3771 1107 3850 Reip.
1128 3787 1253 3851 gratum
1266 3768 1303 3833 ts·
1333 3775 1351 3823 l

335 3840 367 3927 se
387 3842 548 3921 senserint,
578 3865 671 3929 neque
691 3847 720 3908 se
739 3868 760 3910 a
779 3850 884 3912 cacteris
911 3849 1125 3932 potentioribus
1146 3849 1303 3932 opprimi,¹
1331 3835 1351 3907 l!

693 3980 707 3987 ..
1225 3947 1269 3994 at·
