3000 4559
209 424 211 429 ’
320 449 379 529 184
538 446 794 512 arrrrror.
823 446 984 507 arccrr
1137 452 1143 461 ·

278 556 335 618 ego
356 530 418 595 dixi
439 551 493 613 pro
512 528 629 591 ilercule
643 527 808 604 Areftium,
833 545 925 609 neque
961 543 1015 606 pro
1035 525 1152 584 ferrura
1169 526 1234 586 Gor·

278 613 438 695 arghium,
482 609 528 672 sed
559 608 704 670 Herculem
724 606 885 684 Atesrirrm,
913 608 1014 686 ferun.
1032 600 1233 685 Gonugbiurr.

279 736 284 743 ”
308 771 483 913 'sediliis'
502 767 622 852 inquit,
635 765 719 845 iocari
734 764 952 843 firmamur
973 761 1185 826 enimhaecrarrr
1198 763 1233 824 le·

276 876 331 916 ura
351 870 377 914 rr
451 874 481 912 e.

316 1013 403 1085 Iocus
423 1008 632 1072 mediusfidius
652 972 871 1080 utbauiifimus,
891 1005 1034 1069 coneum
1054 1018 1156 1066 autem
1174 1023 1229 1065 mo·

277 1091 469 1182 destiffimus.
499 1089 591 1180 Quai
616 1107 687 1178 reru
710 1089 742 1149 in
763 1103 827 1150 tota
846 1086 898 1148 ista
918 1087 968 1149 sua
988 1082 1154 1167 longissima
1171 1081 1234 1224 Effi-

276 1171 350 1239 ssnla
370 1190 529 1253 quicquam
553 1170 627 1230 Vtro
648 1167 772 1249 dignum
794 1166 922 1242 tradet,
952 1182 1005 1258 aut
1025 1164 1108 1248 quod
1126 1183 1183 1226 non
1210 1183 1235 1224 r·

161 1288 165 1300 ·
276 1250 425 1317 viffimum
446 1262 537 1333 atque
564 1246 791 1323 inminutum,
819 1246 936 1329 quaudo
955 1263 1047 1310 enam
1068 1245 1234 1324 Gouragam

276 1330 362 1392 scribi
382 1352 400 1392 a
419 1351 467 1392 me
496 1348 645 1412 perperam
674 1347 724 1410 per
744 1327 778 1388 Ζ.
799 1326 882 1390 ausus
902 1327 936 1389 lit
965 1326 1053 1409 paulo
1081 1322 1156 1386 infra
1173 1342 1235 1384 con·

277 1410 414 1482 tendere3
435 1411 466 1472 δι
486 1427 585 1472 tamen
605 1406 797 1494 ipselquoque
814 1427 849 1468 eo
865 1408 937 1469 item
954 1406 1045 1471 modo
1059 1422 1163 1468 rocem
1177 1421 1233 1465 eam

275 1489 390 1567 scribit,
413 1490 467 1553 nifi
489 1508 589 1552 meum
611 1512 631 1556 z
650 1507 711 1560 erus
730 1509 744 1546 r
763 1487 861 1569 postea
881 1487 1022 1551 correxit.

313 1651 372 1712 Nec
390 1648 521 1727 arbitror,
541 1672 603 1710 eum
626 1652 772 1729 ignorare,
792 1645 901 1721 ramerfi
911 1647 992 1726 secar
1005 1636 1112 1738 srribas
1130 1641 1178 1704 vel
1193 1642 1229 1702 irr-

267 1731 350 1820 grnii
363 1731 414 1806 sui
433 1731 605 1808 ostentandi,
624 1729 674 1788 vel
695 1727 780 1788 alieni
802 1726 955 1788 vellicandi
969 1743 1083 1805 gratur,
1101 1744 1189 1817 murs
1205 1744 1230 1781 a·

272 1809 329 1947 2132
344 1808 819 1968 zissgifninrzriirizrgliicspum
834 1811 1054 1868 nummorum
1071 1803 1228 1876 Furnium,

316 2046 400 2129 Ego,
421 2048 521 2122 Sardi,
543 2047 599 2111 hoc
619 2069 712 2111 unum
733 2047 809 2125 scio,
821 2039 876 2124 te,
897 2067 965 2111 cum
985 2039 1060 2110 olim
1083 2036 1228 2116 insanires,

273 2146 437 2211 numquam
459 2129 555 2210 postea
575 2130 688 2210 integre
708 2129 744 2190 ad
767 2126 1069 2202 sanitatem-rediise,
1090 2143 1168 2187 nunc
1188 2141 1229 2211 ²”t

275 2222 336 2269 tem
368 2207 422 2268 tibi
449 2230 523 2289 opus
553 2209 606 2270 elle
634 2227 752 2272 centum
781 2210 955 2290 Anticyris.
985 2207 1054 2288 Ego
1083 2199 1230 2267 ostentandi

196 2305 199 2311 ’
275 2288 370 2348 caussa
392 2289 503 2369 ingenii
524 2290 582 2350 mei
603 2289 663 2350 haec
686 2286 804 2370 scripsi?
834 2311 872 2351 an
906 2304 940 2349 tu
963 2287 1082 2367 insauiae
1105 2302 1161 2346 tuat
1179 2300 1229 2344 mar

273 2367 319 2507 Ξίε
340 2367 504 2447 detegenda
526 2370 557 2429 in
580 2390 614 2430 ea
635 2367 789 2450 scripfisti?
819 2368 886 2450 Ego
906 2369 973 2430 illas
996 2367 1154 2428 inanitates
1173 2381 1229 2424 cor·

288 2446 386 2509 eiiot?
408 2449 474 2529 Ego
494 2470 529 2508 eo
550 2451 685 2528 perveni,
708 2470 768 2530 quo
791 2452 875 2529 potui
892 2446 946 2524 ,fi
964 2471 1020 2508 non
1039 2449 1124 2506 datur
1143 2442 1226 2509 ulrrar

273 2524 358 2587 facile
380 2529 467 2588 ineo
488 2529 661 2610 acquiesc03
689 2549 742 2609 pro
771 2549 831 2610 quo
859 2531 950 2590 etiam
973 2526 1038 2590 Diis
1061 2524 1167 2616 gratias
1187 2522 1227 2581 ha·

274 2604 346 2675 beo,
368 2605 562 2689 habeboque,
591 2608 660 2669 dum
683 2609 808 2669 vivam.
829 2608 883 2670 Sed
905 2626 963 2682 tu,
995 2607 1048 2688 qui
1071 2627 1103 2666 ru
1124 2601 1223 2673 triviis,

269 2686 323 2765 qni
344 2686 376 2744 in
397 2686 587 2746 conventibus
605 2688 744 2767 imperita
765 2688 990 2758 multitudinis,
1017 2687 1073 2768 qui
1095 2685 1125 2745 in
1145 2679 1222 2742 taber·

270 2762 317 2822 nis
333 2763 467 2824 omnibus
489 2765 571 2826 hasce
592 2765 692 2826 inanes
712 2786 796 2829 auras
818 2785 941 2849 captas,
970 2767 1006 2828 de
1027 2782 1082 2828 tuo
1101 2762 1152 2824 isso
1169 2758 1223 2822 aui·

274 2859 326 2902 mo
347 2841 383 2903 de
399 2843 506 2904 caretis
527 2841 597 2905 salso
618 2845 779 2907 existimas.
1221 2880 1223 2886 ·

308 3001 405 3081 lnquit
424 3003 494 3062 enim
515 3004 644 3084 Baptista
659 3005 811 3066 carmelita
831 3009 917 3068 Poeta
930 3004 1117 3072 celeberrimus
1135 3000 1224 3064 adlu-

273 3079 419 3157 dovicum,
441 3084 702 3165 Sigismundumque
722 3092 902 3166 Gunzagam:
1219 3142 1222 3149 ,

348 3159 526 3239 Fufidium,
547 3162 739 3245 Sigismunde‚
761 3190 868 3242 meum,
888 3185 968 3247 pater
990 3165 1176 3248 ingenitum,

348 3243 439 3323 Stirpi
458 3248 590 3326 Gonzaga
607 3245 682 3332 [arro
701 3263 784 3327 rapat
802 3245 930 3326 insignita
950 3247 1065 3310 Galero.

316 3403 406 3463 Ames
428 3402 485 3464 fine
505 3405 607 3478 rivali,
630 3403 842 3475 judiciofiffime
861 3407 970 3482 Sardi,
991 3422 1058 3468 tuos
1080 3405 1149 3466 istos
1167 3394 1229 3462 cele·

273 3479 411 3542 berrimos
433 3482 631 3560 Carmelitas,
653 3501 715 3546 ruas
737 3486 877 3561 delicias,
898 3489 928 3548 in
951 3489 988 3547 iis
1010 3502 1040 3547 te
1060 3501 1089 3547 te
1111 3477 1231 3553 onena,

273 3560 506 3650 atquelhabita.
527 3564 580 3624 Sed
602 3565 648 3626 dic
669 3567 758 3642 mihi,
781 3568 892 3647 optime
911 3567 1016 3640 Poeta,
1038 3582 1107 3627 tuus
1128 3564 1177 3624 ille
1193 3574 1228 3618 ce·

276 3638 443 3728 leiretrrmus
463 3640 626 3707 Carmelita
645 3646 724 3715 cujus
745 3647 856 3727 generis
881 3646 920 3707 est
942 3645 1059 3709 Poeta?
1087 3645 1145 3706 Dic
1166 3642 1226 3702 item

274 3719 370 3794 mihi,
392 3722 547 3783 Poetarum
568 3722 661 3799 faber,
682 3726 713 3786 in
734 3726 830 3807 primo
851 3725 906 3787 illo
927 3728 971 3788 tui
992 3725 1162 3787 Carmelitae
1175 3733 1228 3780 ver·

275 3802 309 3866 su
328 3822 376 3864 um
394 3801 468 3882 sigis
489 3801 542 3884 qui
563 3821 612 3882 pes
631 3803 689 3868 est?
710 3804 791 3883 Quid
812 3803 916 3868 taces?
936 3805 1019 3885 Dic,
1037 3806 1109 3869 die.
1129 3795 1227 3942 lm.

1143 3899 1187 3944 ils.
