3000 4559
546 468 953 535 ORATIONE&
1151 488 1188 553 m

259 551 311 620 sed
332 552 424 616 etiam
443 551 574 635 cogitis.
602 556 629 614 A
651 552 762 628 vobis,
784 553 932 635 inquam,
961 549 1100 634 quicquid
1120 552 1227 616 abillo

260 634 349 714 Reip.
377 632 548 695 Christiana
578 634 705 715 indigna
725 633 903 694 calamitatis
925 631 1058 705 accidit,
1087 634 1228 714 quicquid

263 714 444 788 servitutis,
484 713 626 795 quicquid
655 713 807 786 incendii,
845 713 975 792 rapina,
1006 710 1115 785 caedis,
1143 732 1230 773 omne

266 791 464 875 proficiscitur
477 814 492 883 ‚3
524 792 631 883 quisi,
650 793 815 856 utnomine
835 791 987 860 conjunfli
1009 791 1074 853 estis
1091 791 1230 852 christia»

264 892 333 949 no,
360 871 406 935 ita
435 873 542 933 animis
563 892 595 933 in
625 872 824 934 Christianam
845 872 966 933 salutem
998 871 1230 944 consentiretis,
1322 929 1324 933 ,

265 950 318 1014 ille
347 971 408 1014 non
431 951 525 1014 solum
556 954 664 1015 vestros
694 951 765 1014 fines
798 953 961 1034 numquam
988 952 1156 1031 attigissem
1185 949 1232 1010 sed

266 1050 363 1115 neque
383 1033 461 1093 intra
492 1033 556 1093 suos
581 1033 608 1093 se
633 1046 757 1109 tutum,
784 1039 873 1115 atque
894 1032 1023 1092 securum
1044 1030 1202 1091 credidisset
1223 1074 1231 1088 .

267 1111 354 1173 Scitis
375 1112 454 1173 enim
499 1130 567 1175 uani
591 1113 681 1193 impie
702 1111 893 1194 superioribus
913 1113 998 1173 annis
1015 1112 1104 1190 usque
1124 1109 1231 1170 adRo-

265 1210 322 1253 mae
341 1189 356 1271 [
374 1211 410 1252 ne
432 1132 503 1272 quid
524 1192 613 1257 altius
630 1209 755 1273 repetam
778 1214 797 1254 a
818 1191 1049 1271 Neapolitanis,
1070 1209 1157 1272 atque
1180 1189 1230 1248 In·

266 1268 398 1333 subtilius
418 1270 531 1352 bellis]
562 1271 703 1333 nefariam
725 1271 928 1353 spoliationem
949 1270 1089 1344 faeviftis,
1119 1273 1151 1331 in
1171 1289 1230 1350 qua

268 1351 374 1412 omnia
405 1351 510 1426 facta,
548 1351 669 1432 profana
697 1372 779 1435 aque
807 1351 995 1430 diripuistis,
1029 1363 1117 1431 atque
1148 1369 1234 1410 vexa-

266 1431 343 1501 stis3
371 1429 456 1491 sacris
485 1430 649 1512 virginibus
679 1433 742 1493 vim
765 1431 929 1501 attulistis3
958 1430 1104 1490 summum
1132 1428 1233 1488 Ponti-

266 1509 354 1572 ficem
386 1509 524 1570 obsessum
545 1511 658 1572 summo
689 1512 784 1592 pretio
805 1509 906 1572 redimi
933 1508 1071 1579 jussistis3
1100 1508 1232 1587 proxime

265 1609 337 1651 vero
366 1588 399 1648 in
431 1589 573 1652 Hetruria
601 1591 704 1652 omnia
733 1589 937 1657 subvertistis3
965 1589 998 1648 ln
1016 1587 1176 1649 Germania
1199 1588 1231 1646 in

263 1667 408 1729 Carolum
432 1669 472 1729 V.
500 1670 710 1751 Imperatorem
737 1687 845 1744 tanta,
876 1683 996 1758 tamque
1033 1669 1134 1748 iniqua
1155 1665 1232 1727 fasta

266 1749 307 1809 est
330 1748 517 1825 conjuratio,
547 1765 579 1811 ut
621 1771 704 1812 arum
725 1749 875 1824 abfuerit,
906 1769 978 1831 quiri
1001 1746 1099 1827 saepius
1120 1767 1231 1827 capere·

268 1843 332 1890 tur.
354 1828 399 1888 De
415 1827 514 1890 Gallia
532 1831 584 1912 qui
626 1831 706 1892 aliud
726 1831 844 1904 dicam,
865 1849 953 1910 qnam
976 1829 1054 1910 quod
1076 1827 1230 1889 hocetiam

269 1922 399 1988 ternpore
426 1908 530 1970 misera
558 1911 805 1991 exsuperioribus
836 1909 968 1990 perpetui
997 1908 1067 1968 belli
1088 1908 1229 1969 incendiis

268 1986 371 2062 deflet,
391 2004 479 2071 atque
500 1989 694 2052 lamentatur.
715 1993 844 2051 Thraces
868 1991 1006 2062 interim,
1026 1989 1170 2048 occasione
1187 2006 1231 2046 ar·

272 2082 370 2148 repta,
391 2070 446 2129 hoc
467 2088 546 2128 anno
565 2069 642 2130 hanc
662 2071 840 2130 continentis
863 2085 972 2146 partein
995 2069 1231 2146 benemagnam,

270 2161 356 2229 atque
384 2144 584 2228 frugiferam,
612 2148 671 2208 alio
693 2146 943 2227 locupletissimam
973 2146 1128 2217 Inl'ulani,
1160 2145 1232 2204 alias

271 2239 424 2307 utrumque
450 2247 470 2285 a
499 2225 582 2286 vobis
613 2228 690 2286 inter
718 2246 772 2288 vos
805 2223 1002 2304 pugnantibus
1032 2223 1142 2282 auferre
1171 2242 1231 2282 non

268 2305 376 2375 cessat3
398 2321 431 2365 ut
453 2304 512 2372 jain
533 2323 568 2364 eo
590 2321 713 2365 ventum
735 2305 770 2364 sit
792 2346 803 2377 ,
826 2303 875 2363 ubi
896 2303 931 2362 de
952 2301 1066 2360 summa
1085 2301 1126 2360 rei
1146 2299 1232 2360 dimi-

268 2399 378 2445 cetur.
407 2386 505 2457 Quare
534 2382 618 2443 vobis
647 2381 773 2444 fraterne
793 2379 1006 2462 providendum
1028 2382 1093 2453 esi,
1124 2400 1159 2440 ne
1180 2380 1232 2440 ifle

267 2461 380 2542 semper
399 2464 492 2524 vestra
511 2461 678 2538 discordia,
707 2462 806 2524 vestris
827 2460 1046 2533 simultatibus,
1069 2459 1168 2521 vestris
1186 2460 1230 2520 in-

268 2542 382 2603 tellinis
410 2540 485 2602 odiis
507 2543 628 2622 magis,
657 2562 747 2625 quarn
780 2542 903 2622 propriis
927 2539 1039 2602 viribus
1066 2583 1075 2614 ,
1105 2555 1235 2600 armatus

271 2637 324 2684 vos
355 2621 529 2704 opprimat,
558 2639 646 2704 atque
675 2623 729 2684 isto
752 2624 846 2683 vestro
874 2619 1074 2703 potentilfimo
1093 2620 1233 2759 prasidio

267 2698 389 2777 fultus,
416 2702 494 2762 hunc
517 2702 628 2777 hodie,
658 2722 719 2764 cras
741 2703 857 2778 illurn,
887 2702 960 2762 alius
980 2700 1073 2762 aliurn
1114 2698 1232 2761 enobi·

269 2778 408 2855 lissimo·,
435 2797 524 2863 atque
555 2782 705 2853 lllajorum
728 2783 844 2844 suorum
866 2781 995 2863 imperio
1021 2779 1161 2855 dejiciat,
1188 2797 1232 2840 at·

269 2878 329 2999 pue
348 2861 504 2922 excludat.
536 2860 571 2921 ld
592 2861 670 2944 quod
701 2883 779 2924 nunc
809 2882 845 2924 eo
885 2882 1005 2944 quoque
1034 2862 1130 2921 multo
1160 2858 1231 2920 faci-

287 2960 330 3004 tus
351 2939 492 3014 facietis,
523 2942 631 3022 utqui
658 2942 717 3012 jam
738 2943 851 3002 sextum
873 2961 984 3002 annum
1014 2939 1046 2998 iii
1068 2941 1183 3000 summo
1203 2961 1234 3009 o·

272 3020 345 3095 tio,
375 3036 464 3100 atque
495 3020 649 3079 concordia
669 3019 902 3102 tranquillissime
923 3019 1040 3099 agitis.
1068 3018 1235 3079 Considera·

268 3111 332 3174 te,
362 3119 415 3160 vos
448 3117 549 3179 rogo,
575 3098 761 3177 diligenter,
791 3118 854 3178 qua
875 3099 967 3158 vellra
996 3116 1073 3156 nunc
1100 3096 1233 3156 conditio

271 3178 334 3254 fit,
362 3198 485 3262 quaque
507 3193 572 3238 turn
594 3175 680 3250 esset,
699 3177 720 3236 fi
740 3175 850 3258 [quod
872 3177 951 3237 Deus
970 3174 1113 3256 avertat]
1143 3174 1173 3235 id
1189 3195 1234 3235 ac·

268 3259 374 3333 cidat,
396 3275 429 3321 ut
450 3278 485 3318 eit
506 3257 619 3318 summo
639 3255 789 3316 felicitatis
811 3258 886 3317 statu
906 3255 943 3315 ad
966 3253 1124 3329 miseram,
1146 3271 1234 3336 atque

273 3337 381 3400 infima
402 3339 470 3400 vita
490 3337 690 3399 conditionem
710 3335 888 3406 delabamini
909 3355 917 3405 3
937 3334 957 3394 si
979 3356 996 3395 a
1017 3334 1117 3414 Regiis
1134 3335 1232 3396 vestris

268 3417 433 3480 commodis
459 3462 468 3491 ‚
499 3435 588 3500 atque
616 3416 707 3479 veteri
737 3415 899 3497 imperandi
927 3414 1102 3475 auctoritate
1136 3415 1171 3476 ad
1199 3437 1232 3477 ο·

268 3516 375 3559 mtrem
397 3498 579 3578 egestatem,
607 3513 695 3638 atcpue
713 3496 751 3558 ad
772 3495 931 3578 parendum
949 3494 1143 3564 dejiciamini.
1166 3495 1232 3576 Ego

268 3577 366 3640 vestra
393 3577 486 3639 cauffa
511 3579 586 3639 lianc
612 3598 648 3638 ca
660 3577 814 3639 amitatem
843 3592 978 3656 reputaris
1010 3589 1088 3636 totus
1119 3593 1233 3636 contre·

269 3656 381 3730 tuisco,
402 3678 493 3738 neque
514 3657 632 3732 dubito,
652 3659 725 3740 quin
747 3677 819 3729 vos,
839 3675 966 3736 quorum
989 3675 1030 3716 res
1051 3653 1149 3736 agitur
1164 3675 1232 3735 pro·

265 3738 360 3876 pria,
381 3737 474 3797 acrius
495 3738 766 3798 commoveamini.
794 3737 872 3796 Huic
894 3736 984 3815 igitur
1002 3735 1113 3797 viribus
1133 3734 1232 3797 vellris

290 3836 326 3879 oc
341 3816 431 3879 modo
452 3817 546 3878 multo
567 3816 721 3889 majoribus
741 3816 859 3879 obviam
879 3816 935 3889 ite,
957 3816 1074 3878 summa
1091 3834 1159 3876 vcro
1176 3810 1232 3870 fo:-

1096 3925 1098 3930 .
1147 3906 1194 3948 tu-
