3000 4559
334 485 392 555 rit,
551 464 805 535 BARTHOL.
827 464 994 534 ΜΘΗ
1137 544 1140 551 ,

288 557 379 620 etiam
403 554 548 627 charum,
572 553 651 644 quod
674 551 868 617 chariffimum
892 551 975 629 suit,
1000 552 1111 633 semper
1133 550 1247 614 entltita

286 641 332 698 At
354 637 384 697 ui
408 634 519 695 nullam
544 676 553 706 ‚
578 632 690 715 inquies
714 676 723 705 ,
747 635 856 696 constat
883 654 901 693 a
927 653 975 694 me
992 631 1047 694 tibi
1071 631 1188 693 illatam
1207 630 1248 693 es·

288 716 316 777 se
333 658 498 788 sniuriam,
522 712 635 774 nullum
661 710 782 774 verbum
809 712 856 777 vel
881 726 940 772 non
967 712 1060 773 amice
1085 711 1117 771 in
1144 725 1173 771 te
1197 710 1247 772 elle

286 795 398 858 dicium
417 814 427 867 3
452 791 591 854 accedunt
608 791 724 864 etiam,
752 808 785 854 ut
809 810 842 855 tu
858 791 930 853 dicis
947 836 956 866 ,
975 788 1181 857 humanissima
1197 790 1246 852 ho*

273 874 398 956 spitia,
422 891 553 934 meorum
577 871 666 933 etiam
692 871 815 933 Civium
853 870 973 933 officia.
999 870 1081 948 Quid
1109 869 1245 943 verens

274 955 411 1035 ingentis
435 952 554 1022 alicuius
578 949 724 1013 commodi
750 951 799 1032 spe
824 949 987 1031 compulsus
1012 952 1044 1012 in
1080 951 1144 1013 hac
1169 949 1246 1011 sceln

275 1053 317 1095 -ra
333 1031 471 1096 devenisti
488 1030 498 1090 ἒ
516 1030 634 1104 Modo,
659 1030 819 1110 Princeps,
846 1048 885 1091 ne
912 1028 943 1090 in
970 1030 1013 1092 tui
1041 1029 1123 1092 iliius
1141 1030 1245 1092 Primi*

284 1127 369 1194 patus
386 1111 464 1193 spem
479 1111 585 1173 venisse
600 1111 728 1185 accuser,
745 1110 883 1192 inquam
907 1108 1087 1172 dementiam
1113 1128 1150 1171 ne
1169 1110 1243 1171 veni·

284 1214 346 1254 rem
363 1191 505 1276 quidem,
521 1190 540 1250 sr
558 1191 582 1251 is
599 1190 706 1264 essem,
731 1205 820 1272 quem
839 1190 890 1250 iste
908 1189 964 1250 suis
991 1188 1097 1265 dolis,
1126 1188 1183 1252 suis
1197 1186 1244 1251 fal·

282 1267 364 1334 laciis
388 1268 611 1334 amentissimum
632 1268 716 1331 finxit
739 1313 749 1344 ,
782 1286 876 1410 atpue·
894 1268 967 1331 adeo
990 1267 1116 1331 efficeret
1142 1276 1242 1344 nunc'¹

280 1352 334 1412 nisi
358 1371 416 1413 una
431 1367 482 1413 tua
497 1349 634 1432 aequitate
651 1393 661 1423 ‚
684 1369 718 1410 ac
734 1368 799 1411 mea
828 1366 928 1410 umma
947 1348 1118 1411 innocentia
1131 1347 1241 1430 prorsus

280 1431 453 1494 sustineret.
477 1430 531 1492 Sed
557 1429 616 1509 haec
640 1428 675 1490 de
700 1428 869 1511 Principatu
893 1427 1015 1490 ridicula
1036 1426 1104 1490 su'nt
1123 1473 1131 1489 .
1148 1431 1240 1505 Quare

280 1500 317 1572 ad
339 1510 538 1573 verisimiliora
561 1529 639 1571 nunc
664 1508 752 1570 venio
777 1555 785 1568 .
809 1509 981 1589 Magnam,
1008 1507 1138 1590 inquis,
1164 1529 1242 1590 pecu

185 1643 189 1651 ,
278 1592 334 1652 niae
357 1592 422 1653 vim
446 1589 513 1653 inde
528 1588 663 1671 consequi
680 1589 758 1669 polle
775 1603 829 1665 te,
856 1588 995 1670 sperasti·
1020 1588 1156 1650 Primum
1172 1608 1240 1670 quae·

278 1685 313 1732 to
336 1691 354 1732 a
376 1670 465 1754 quoi
489 1671 570 1730 Nam
595 1668 709 1731 nullum
732 1666 866 1749 profers:
890 1667 920 1730 ἃ
937 1667 1122 1749 prudenter,
1145 1683 1180 1730 ut
1195 1688 1238 1730 ca⁴

276 1764 341 1812 tera
356 1752 481 1824 omnia,
496 1747 584 1823 sacis,
599 1749 670 1828 qui,
685 1747 764 1828 quod
781 1768 841 1809 non
858 1766 930 1830 opus
941 1746 986 1827 est
1002 1743 1119 1822 offerri,
1133 1748 1237 1829 optime

276 1845 382 1900 taces‚·
409 1829 439 1890 id
464 1827 538 1888 mihi
564 1844 661 1888 tamen
686 1826 847 1902 concedes,
870 1843 904 1889 ut
928 1826 1057 1910 aliquem
1075 1827 1234 1908 Principem

274 1909 349 1970 mihi
367 1909 565 1982 constituam,
590 1907 666 1968 unde
683 1907 759 1967 hanc
774 1907 902 1988 petuma
915 1907 984 1969 vim
1001 1922 1117 1969 tantam
1135 1907 1237 1971 aufem

275 1988 444 2069 potuerim.
461 1986 500 2048 -zls
523 2001 622 2049 autem
648 2002 699 2047 aut
723 2007 759 2047 cx
783 1986 879 2063 meis,
904 2003 956 2050 aut
980 2002 1015 2049 er
1041 1987 1102 2049 tuis
1126 1986 1180 2064 sit,
1194 2009 1235 2050 ne·

275 2068 345 2130 celle
367 2069 429 2132 est.
453 2067 500 2128 Ex
524 2065 596 2129 meis
621 2083 687 2127 eum
705 2067 760 2128 else
783 2066 895 2142 dicere,
918 2066 998 2147 cuius
1013 2064 1232 2148 prudentiam,

275 2146 383 2219 vides3
408 2147 460 2230 qui
486 2147 552 2209 satis
582 2144 689 2209 habent
716 2146 776 2218 iam
804 2145 935 2209 infinitos
956 2164 1049 2209 annos
1071 2148 1092 2208 fi
1113 2168 1132 2210 a
1152 2146 1231 2209 Chri·

272 2227 372 2290 stianis
393 2227 494 2302 tecto,
516 2243 604 2310 atque
617 2226 698 2317 'Urbe
712 2246 805 2309 quam
825 2225 1020 2317 angustissime
1041 2227 1228 2319 accipiantur,

272 2306 409 2389 Sequitur
429 2307 538 2399 igitur,
560 2323 594 2369 ut
615 2325 716 2388 ingens
736 2307 797 2368 lraec
817 2326 942 2447 petuma
962 2325 982 2368 a
1000 2306 1172 2370 Christrano
1187 2308 1230 2369 alu

271 2406 332 2469 quo
353 2387 484 2466 Principe
513 2387 587 2447 mihi
618 2384 796 2466 expedienda
839 2402 874 2448 tr
904 2389 1010 2464 Quaero
1030 2387 1104 2449 item
1126 2407 1179 2469 ego
1195 2387 1226 2448 de

268 2481 328 2541 tte,
348 2467 400 2549 qui
421 2467 470 2528 isie
491 2468 542 2528 esse
561 2466 648 2548 possit
669 2466 831 2545 Princeps,
851 2467 903 2548 qui
924 2484 991 2528 cum
1014 2482 1134 2530 tantum
1155 2487 1229 2558 pecu

271 2546 322 2607 nia
344 2546 459 2620 valcat,
480 2546 515 2607 src
538 2546 572 2607 fit
593 2563 610 2606 a
631 2545 701 2607 viris
723 2545 872 2625 flagitiosis
894 2547 1072 2626 imparatus,
1102 2563 1137 2610 ut
1158 2567 1187 2608 m
1203 2564 1227 2608 te

271 2641 356 2686 tanta
385 2625 416 2686 ἃ
443 2624 666 2699 constituenda,
695 2624 726 2684 δι
752 2624 933 2686 conficienda
951 2626 1042 2698 judai
1063 2640 1177 2707 opera,
1200 2625 1226 2687 n

269 2703 391 2765 consilio
411 2705 456 2764 uti
478 2702 619 2784 cogatur?
638 2721 659 2764 n
697 2722 732 2764 ue
752 2703 812 2774 eius
832 2705 923 2776 Judaei
940 2722 1058 2782 tamen,
1078 2708 1132 2798 qui
1148 2705 1225 2789 paulo

271 2798 340 2843 ante
362 2783 513 2863 piraticam
534 2783 659 2844 exercuit
701 2781 757 2844 aud
777 2783 962 2865 ignobilem,
993 2786 1040 2847 sed
1072 2804 1158 2860 eius,
1183 2783 1223 2867 qul

270 2877 338 2923 cum
359 2881 377 2922 a
398 2861 453 2923 suis
476 2862 671 2937 mercaturis,
691 2861 785 2923 asuis
807 2866 935 2946 pecuniis
957 2866 1174 2927 commutandis
1191 2865 1225 2925 di·

270 2941 384 3016 sceslit‚
406 2941 482 3003 nihil
504 2941 611 3004 habeat
632 2957 796 3023 practerea,
825 2945 857 3005 in
877 2966 937 3028 quo
957 2945 1009 3007 nisi
1030 2943 1226 3027 imperitisfime

270 3021 412 3083 versetur.
434 3024 476 3083 At
497 3014 618 3104 [vide,
645 3023 807 3103 Princeps,
828 3042 972 3108 quantum
998 3045 1069 3087 mea
1089 3025 1184 3087 caussa
1197 3022 1225 3083 fi·

269 3100 367 3182 dam]
385 3101 503 3164 'valeam
521 3123 537 3163 e
558 3124 576 3164 o
594 3102 707 3164 summo
722 3103 858 3180 consilio,
874 3103 1043 3168 facultatem
1061 3105 1153 3168 etiam
1169 3123 1225 3166 con·

268 3180 385 3243 ficiendi
408 3183 519 3264 negotii
537 3123 683 3256 iubeam,
703 3182 735 3243 in
757 3204 804 3245 me
824 3186 925 3247 omnia
946 3187 1018 3261 srnt,
1062 3204 1105 3246 uae
1125 3185 1160 3246 ad
1179 3185 1224 3244 hoc

269 3263 421 3352 negotium
442 3262 531 3343 probe
552 3262 679 3337 faciunt,
700 3262 934 3328 absolvendum.
954 3268 1026 3340 Quae
1077 3263 1225 3346 espublict,

268 3361 333 3422 qurs
352 3342 487 3423 Princeps
505 3358 565 3403 tam
584 3343 767 3423 imprudens,
784 3360 846 3405 tam
865 3345 960 3406 omnis
977 3344 1101 3406 rationis
1119 3358 1224 3425 expers,

268 3435 384 3480 rantum
406 3419 487 3482 suum
508 3422 658 3484 consilium
681 3443 741 3486 non
762 3424 855 3487 cuivis
877 3424 982 3486 infimo
997 3423 1167 3485 Christiano
1183 3441 1226 3503 po-

266 3497 344 3572 tius,
366 3517 455 3579 quam
478 3500 524 3561 vel
545 3502 971 3582 potentissimoJudaeocredat,
992 3519 1024 3564 at
1045 3525 1082 3565 ue
1103 3502 1230 3566 commin

266 3575 340 3638 tatl·
354 3576 457 3651 Certe,
475 3579 627 3661 Princeps,
646 3582 667 3642 s1
682 3601 735 3663 pro
751 3599 803 3645 tua
818 3583 973 3663 prudentia
989 3524 1063 3644 milri
1081 3583 1226 3646 dicendum

266 3655 333 3727 est,
353 3655 412 3736 ipse
433 3677 581 3740 nunquam
603 3659 725 3722 faceres:
747 3661 879 3738 &resim
901 3665 932 3724 δι
954 3662 1095 3745 sapienter
1115 3662 1228 3725 faceres:

263 3735 424 3824 pracsertim
446 3758 513 3798 cum
533 3742 585 3802 vul
607 3761 625 3802 ο
646 3740 829 3802 infidelitatis
850 3747 969 3804 nomine
991 3763 1084 3825 genus
1106 3742 1229 3805 nostrum

272 3835 290 3876 a
313 3813 395 3879 vobis
417 3833 554 3880 notatum
575 3761 629 3892 sign
649 3837 683 3890 ut
704 3820 811 3905 siquis
833 3822 905 3905 quid
921 3823 997 3898 ,talis
1018 3821 1156 3887 facinoris
1177 3821 1228 3883 cui⁴

1107 3921 1197 3988 quam
