3000 4559
420 544 425 551 .
499 493 500 498 ‘
534 468 634 555 ‘bur'
653 472 816 550 Arv'n
837 480 974 548 urs-5
1154 487 1209 583 ⁵¹²7

270 559 400 633 soienria
418 564 631 646 vitioiifiimis',
653 576 750 652 atque·
763 564 993 649 impuriffimis,
1015 568 1116 663 fuique
1135 567 1246 633 fimum

270 649 333 711 mis
360 645 463 712 ficariis
483 646 739 711 committebatur.
766 650 897 711 Deorum
918 649 1148 727 immortalium,
1168 672 1242 735 quo·

273 729 345 791 ‘rum
366 729 477 793 auxilio
505 729 703 812 principatum
727 730 808 790 inter
828 748 929 790 omnes
950 729 1084 793 nationes
1102 730 1242 808 obtinui,

276 806 356 872 sacra
375 810 476 872 omnia
492 816 508 886 ,'
521 810 705 873 e'aeremonias
729 809 842 891 ipsas-‚³
854 808 910 871 fuis
932 804 1081 871 sceleribus
1098 811 1244 873 conemu-
1330 870 1335 881 ,

273 906 372 968 nare,
394 906 482 975 atque
503 888 645 952 incendiis
665 887 866 966 inflammare,
883 908 936 971 pro
957 887 1029 951 iudo
1048 888 1168 951 habuit.
1187 891 1246 953 tte-

272 961 359 1053 diqua
377 988 430 1034 vos
452 970 597 1052 memoria
618 970 738 1052 repetite
755 1011 765 1047 ‚
785 970 838 1053 qui
856 971 966 1053 omnia¹
981 966 1044 1041 eius
1067 969 1172 1032 scelera
1186 986 1245 1030 me·

273 1068 345 1131 cum
361 1046 474 1133 'sapius'
492 1050 640 1133 conquesti
661 1049 740 1111 estis.
761 1049 851 1113 Certe
871 1051 912 1112 ita
932 1068 979 1111 nte
1000 1066 1095 1113 rotam
1114 1047 1245 1112 confece-

276 1143 352 1204 rat,
371 1146 407 1191 ut
427 1129 604 1269 jamquidem·
621 1142 801 1192 eoventutn
820 1130 889 1192 efict
902 1168 915 1206 ,
927 1146 995 1208 -ut,
1017 1130 1068 1193 ubi
1082 1130 1246 1193 novo-vui·

274 1209 342 1270 neri
369 1230 464 1272 novus
498 1218 566 1271 ocus
587 1208 679 1286 effer,
707 1211 804 1272 nullus
826 1210 966 1281 daretur;
994 1211 1040 1272 sed
1061 1211 1124 1272 Diis
1141 1212 1245 1289 ‚quo

274 1305 344 1349 tum
366 1290 461 1370 gratia
482 1289 537 1348 hoc
557 1308 656 1350 meum
676 1289 834 1371 imperium
856 1290 928 1363 stat,
944 1291 1051 1371 gratias
1072 1308 1147 1370 ago,
1163 1286 1244 1369 quod

273 1368 437 1506 aliquando
465 1366 585 1429 tandem
613 1384 740 1449 repertus
763 1372 802 1432 est
822 1371 952 1449 optimus
982 1369 1095 1443 Civis,
1123 1371 1175 1449 qui
1197 1388 1244 1429 me

275 1467 315 1526 pe
338 1467 399 1509 imo
419 1445 564 1527 parricida
582 1450 721 1529 purgavit
738 1464 756 1519 ;.
768 1449 821 1528 qui
844 1468 967 1523 meum,
988 1468 1075 1531 quem
1095 1449 1147 1512 iste
1168 1447 1244 1507 mihi

277 1527 449 1606 cripuerat,
470 1526 623 1608 pristinum
645 1529 751 1589 statum
775 1527 926 1602 reddidit,
953 1544 1043 1610 atque
1064 1527 1095 1587 in
1116 1540 1246 1590 veterem

276 1604 443 1667 libertatem
464 1604 632 1669 vendicavit
654 1628 663 1680 3
684 1609 737 1690 qui
757 1606 883 1690 denique
904 1606 990 1678 hujus
1012 1606 1132 1688 flagitiis
1155 1607 1246 1687 turpi-

275 1701 323 1746 ter
339 1683 532 1749 deformatam
547 1702 641 1748 totam
664 1688 838 1762 renovavit,
854 1704 942 1768 atque
959 1686 1146 1749 instauravit.
1164 1689 1245 1761 Qua-

272 1783 330 1840 re,
352 1782 390 1826 ne
411 1761 438 1826 ei
460 1767 578 1846 ingrata
597 1766 698 1829 videa'r
713 1809 726 1842 ,
744 1762 801 1829 cui'
813 1767 866 1830 vix
887 1787 986 1848 parem
1007 1769 1135 1848 gratiam
1155 1761 1242 1828 refer·

274 1863 306 1905 re
327 1843 458 1924 possem,
480 1846 628 1929 hancque,
648 1864 739 1930 quam
760 1847 891 1928 poffum,
912 1867 971 1908 non
992 1850 1154 1922 omittam,
1176 1842 1242 1907 ida

275 1923 359 1986 vobis
380 1942 474 2005 peto,
496 1942 529 1988 ut
551 1967 561 2002 ,
580 1929 722 2009 quoniam
744 1944 812 1989 tneo
832 1927 951 1988 nomine
971 1927 1004 1993 in
1025 1929 1079 1988 hoc
1099 1927 1241 1998 iudicium

273 2005 383 2066 accitus
403 2004 473 2080 est,
501 2026 566 2068 meo
587 2009 679 2068 etiam
698 2009 820 2069 nomine
840 2006 976 2068 omnibus
1000 2006 1148 2068 sententiis
1171 2005 1242 2066 iibe-

273 2085 360 2145 retis.
381 2085 487 2169 Neque
516 2085 546 2147 id
569 2106 621 2148 vos
642 2082 803 2176 quicquam
832 2103 976 2161 movear,
996 2086 1140 2165 judices,
1183 2079 1240 2145 uod

271 2162 358 2225 Civis
381 2162 513 2241 Civem,
536 2165 669 2254 privatus
690 2176 842 2244 privatum
864 2162 1067 2239 interfecerit,
1085 2105 1204 2244 quando
1224 2181 1244 2222 a

295 2244 393 2305 tivato
412 2241 491 2305 bono
512 2243 589 2305 Cive
609 2240 722 2305 maium
741 2243 892 2323 publicum
909 2235 1091 2305 interfeflum
1112 2240 1192 2301 fuitfe
1211 2262 1241 2300 a·

270 2263 329 2383 iias
352 2320 452 2401 sapius
471 2318 697 2405 comprobastis3
771 2338 807 2382 ue
826 2321 859 2382 in
881 2321 935 2381 Rei
957 2366 964 2380 .
986 2320 1042 2382 fuae
1059 2319 1149 2380 salure
1163 2320 1242 2402 quis·

269 2421 331 2482 que
351 2400 434 2462 Civis
456 2401 588 2482 privatus
609 2399 663 2461 effe
682 2415 751 2482 pote
790 2441 802 2476 ,
824 2400 919 2460 urim
951 2418 983 2460 us
1005 2416 1168 2480 numquam
1189 2419 1241 2478 pu·

273 2480 367 2542 blicus
388 2479 561 2543 effe-debet.
582 2481 689 2562 Neque
708 2480 781 2545 item
799 2478 841 2542 est
860 2479 967 2542 Civem
997 2500 1016 2543 a
1036 2479 1112 2541 Cive
1132 2477 1242 2540 interfi-

270 2560 300 2621 ci
317 2603 327 2636 ,
347 2560 465 2643 quando
488 2560 536 2636 is,
557 2560 609 2645 qui
631 2555 801 2635 occiditur,
823 2575 942 2621 tantum
964 2556 1065 2635 abest,
1094 2575 1127 2621 ut
1155 2558 1239 2620 Civis

270 2638 332 2713 fit,
353 2656 386 2702 ut
407 2639 563 2717 acerbior,
591 2653 682 2724 atque
702 2639 846 2703 crudelior
866 2640 955 2703 hostis
976 2638 1030 2703 effe
1051 2659 1111 2700 non
1133 2636 1239 2720 poffit.

270 2717 396 2801 Siquid
426 2736 528 2785 tamen
548 2717 616 2796 est,
643 2718 762 2792 Judices
777 2720 897 2802 ,quod
919 2722 950 2781 in
971 2720 1026 2782 hoc
1048 2719 1156 2790 judicio
1176 2718 1240 2780 cui·

266 2816 361 2879 quam
388 2799 514 2863 vestrum
541 2800 678 2884 aliquem
689 2796 859 2884 scrupulum
879 2798 966 2862 faciat
986 2841 997 2876 ,
1023 2819 1085 2881 quo
1106 2799 1178 2881 quid
1201 2797 1237 2859 de

271 2874 365 2938 vestra
391 2878 444 2940 ista
465 2899 488 2940 ae
510 2878 624 2942 uiffima
653 2876 835 2945 abmlutione
861 2877 1025 2954 dubiteris,
1053 2878 1082 2939 id
1104 2879 1179 2939 mihi
1203 2892 1237 2938 ut

271 2954 442 3018 condonetis
462 2900 555 3032 vodo,
574 2960 710 3041 atque,s1
731 2976 782 3040 per
803 2959 926 3022 vestram
948 2957 1162 3023 humanitatem
1184 2956 1239 3015 mi-

268 3034 305 3097 hi
329 3035 423 3111 iicet,
443 3052 530 3176 1050.
561 3040 640 3099 Nam
662 3037 804 3120 quicquid
826 3038 942 3112 idest,
970 3040 1001 3099 id
1023 3052 1119 3098 totum
1142 3055 1240 3096 meum

269 3115 325 3178 effe
346 3113 455 3176 fateor.
505 3114 598 3176 lodius
617 3119 697 3177 enim
715 3117 857 3198 quicquid
879 3119 910 3177 in
927 3117 1074 3177 Milonem
1090 3113 1153 3174 odii
1169 3133 1238 3174 con·

273 3192 366 3258 traxit
386 3239 395 3269 ,
426 3194 456 3255 id
479 3211 544 3255 mea
562 3192 651 3274 culpa
671 3194 854 3256 contrarium
873 3197 926 3256 effe
944 3193 1081 3255 omnibus
1100 3193 1237 3268 constat,

272 3290 333 3348 ut,
356 3273 468 3356 siquid
488 3274 628 3355 cuiquam
648 3272 680 3335 in
701 3273 759 3336 hoc
780 3274 889 3344 iudicio
910 3273 1116 3352 ignoscendum
1136 3273 1190 3350 fit,
1206 3273 1237 3335 id

271 3353 350 3421 mihi
371 3353 510 3436 ignoscio
551 3349 729 3428 tteat,unde
746 3355 842 3414 omnis
860 3353 960 3414 Clodii
976 3352 1125 3415 occidendi
1142 3354 1235 3417 caussa

269 3448 373 3495 exorta
390 3433 455 3505 eii3
524 3431 597 3494 iloni
618 3451 689 3494 vero
708 3448 813 3494 eontra
832 3432 946 3494 summa
973 3430 1036 3494 laus
1058 3431 1233 3509 tribuenda,

270 3513 350 3594 quod
379 3510 430 3574 sua
450 3513 549 3594 sponte
576 3509 620 3574 bis
640 3511 672 3572 in
692 3531 740 3574 me
769 3513 945 3592 gratiffimus
962 3513 1063 3576 extitit
1084 3535 1094 3586 3
1122 3514 1236 3587 semel,

266 3613 335 3655 cum
363 3593 397 3654 in
416 3590 558 3655 Cicerone
584 3608 706 3684 parente
732 3608 803 3656 cum
823 3592 932 3655 caeteris
952 3591 1037 3656 bonis
1057 3593 1233 3656 restituendo

267 3670 384 3734 fortiter
407 3667 434 3732 fe
455 3670 793 3753 geffit31terum,cum
814 3693 890 3734 nunc
913 3673 1007 3735 multo
1036 3672 1139 3737 fortius
1164 3675 1234 3737 Clo·

266 3751 310 3810 dii
330 3747 441 3812 furores
460 3771 563 3812 omnes
585 3750 737 3898 regreffit,
759 3750 911 3843 ipsumque
931 3752 1088 3818 interfecit.
1112 3760 1233 3831 Quare,

263 3829 410 3925 iudices,
428 3849 518 3914 quem
539 3851 594 3914 ego
635 3851 669 3896 oc
687 3831 798 3905 judicto
815 3833 930 3912 libero,
950 3854 1011 3898 non
1031 3836 1164 3974 arbitroqi
1178 3849 1230 3892 vos

381 3934 385 3939 .
1166 3936 1197 3976 a·

1207 3996 1332 4058 Α
