3000 4559
546 481 957 544 onarrounn
1144 503 1185 561 „

264 564 342 630 secus
363 562 476 641 fecerit,
498 565 522 627 is
544 585 620 647 aqua
642 563 757 636 statim,
778 577 866 645 atque
883 561 944 642 igni
963 561 1129 625 interdictus
1146 568 1223 637 esto3

261 647 368 711 deinde
388 647 476 709 hostis
497 645 657 706 declarator
668 664 677 714 3
699 644 760 712 ejus
780 641 858 703 bona
877 640 1079 733 publicantot3
1099 644 1134 707 ad
1157 649 1221 711 seor

262 726 391 789 Thraces
413 725 646 787 exterminator.
674 724 755 784 Nam
785 742 850 783 cum
881 738 923 783 tta
943 722 1072 804 primum
1093 724 1222 788 volentes

264 805 292 867 in
314 826 406 868 unam
428 806 599 868 sententiam
620 803 670 867 sua
692 801 846 865 voluntate
874 802 987 865 animos
1020 803 1084 865 suos
1104 803 1223 869 obiitin-

261 886 384 957 rerint3
413 884 468 946 hoc
497 884 600 945 deinde
628 897 709 944 metu
739 881 822 943 siberi
851 881 973 944 securius
1002 883 1033 944 in
1054 882 1152 946 officio
1174 887 1225 949 suo

280 963 495 1027 ermanebunt.
517 966 564 1025 Ne
584 983 701 1057 gregem
723 977 832 1037 tuum,
852 962 949 1029 Pastor
967 961 1156 1041 sanctitum,
1175 967 1225 1029 de·

262 984 358 1121 ieras,
384 1044 468 1106 omni
490 1043 619 1105 custodia
645 1042 730 1103 illurn
757 1041 795 1102 ab
815 1039 867 1104 isto
889 1042 982 1123 impio
1002 1043 1072 1125 lupo
1090 1065 1224 1109 commu-

263 1124 350 1200 nias,
376 1139 474 1206 atque·
486 1139 609 1185 tueare.
637 1122 712 1184 Satis
740 1122 821 1183 enim
851 1121 991 1214 superque
1010 1122 1123 1186 barbari
1143 1127 1223 1190 enses

263 1201 307 1267 san
354 1204 430 1265 'nem
449 1202 649 1265 Christianum
674 1200 868 1272 imbiberint;
896 1205 964 1265 satrs
989 1205 1051 1275 ejus
1072 1205 1220 1269 servitutis'

254 1302 307 1345 ctu
328 1280 484 1345 dissimum
505 1283 607 1364 jugum
630 1281 673 1344 tui
697 1302 746 1363 pet
784 1280 815 1343 ffi
839 1281 920 1353 smt3
941 1281 1009 1345 satis
1033 1285 1065 1345 in
1080 1285 1221 1350 Christia-

262 1380 328 1425 nam
348 1362 538 1444 Religionem
567 1362 710 1424 Thracica
750 1360 868 1443 upetbia
888 1361 1007 1442 impune
1027 1366 1149 1444 grassata
1170 1367 1221 1429 srt.

265 1442 324 1519 Ac,
342 1462 380 1505 ne
401 1442 473 1525 quid
493 1442 647 1516 omittam,
668 1442 746 1525 quod
768 1442 803 1502 ad
824 1461 886 1504 tem
906 1443 1048 1522 pertinere
1068 1446 1221 1523 videatur,

310 1541 347 1585 ue
367 1521 442 1583 illud
466 1521 577 1596 ipsunt,
598 1521 679 1606 quod
696 1521 833 1583 omnium
850 1521 889 1583 esi
904 1522 1085 1598 maximum,
1105 1545 1138 1586 ac
1158 1547 1220 1610 quo

266 1599 320 1665 soo
341 1602 443 1665 omnia
466 1601 541 1663 reete
562 1602 666 1665 confici
713 1601 823 1676 assunt,
843 1602 916 1678 Te,
939 1601 1051 1665 summe
1073 1605 1169 1680 Deus,
1186 1608 1219 1668 in

267 1681 340 1752 eujus
363 1698 437 1744 nutu
458 1682 563 1743 omnia
585 1682 677 1763 posita
692 1623 759 1744 iunt
775 1725 784 1756 ,
803 1702 875 1762 rogo
890 1727 899 1758 ‚
916 1697 1004 1773 atque
1020 1705 1089 1760 oro,
1105 1703 1140 1748 ut
1156 1706 1217 1749 non

267 1759 355 1824 nostra
370 1761 539 1824 mortalium
555 1762 674 1837 scelera,
690 1783 749 1824 non
766 1761 890 1822 nostram
906 1762 1115 1844 indignitatem
1132 1765 1219 1848 respi-

263 1838 334 1913 eia53
377 1840 457 1903 uibus
477 1841 708 1924 jampridem,ut
722 1842 775 1924 qui
790 1841 934 1905 nascentes
949 1861 1098 1924 peccatum
1124 1845 1219 1908 nobis-
1245 1852 1249 1859 '

266 1936 324 1982 cum
345 1943 363 1984 a
386 1922 514 1998 erimus,
541 1943 645 2001 omnes
673 1922 710 1984 ad
729 1942 824 1985 unum
843 1944 862 1984 a
880 1938 909 1985 te
930 1923 1094 2004 longissime
1113 1924 1221 1988 abalie-

268 2001 320 2065 nari
341 2000 462 2077 sumus,
488 2002 537 2065 sed
558 2018 590 2065 ut
611 2004 810 2065 innocentiam
838 2018 922 2065 tuam
950 2004 1128 2079 recorderis,
1157 2026 1232 2089 qua·

267 2094 311 2141 ior
335 2100 384 2163 pet
408 2081 536 2143 summos
557 2082 722 2156 cruciatus,
742 2081 948 2175 summumque
967 2082 1155 2163 opprobrium
1177 2087 1217 2146 se-

268 2160 316 2222 nes
339 2160 376 2223 ab
391 2161 504 2223 aeternis
519 2159 823 2242 poenisiiberasti,nos
832 2161 897 2222 illos
906 2159 980 2242 ipsos
990 2162 1218 2243 perditiffimosa

268 2240 386 2317 presenti
402 2237 538 2302 Lucifero
551 2240 659 2303 tuearis
674 2284 686 2316 ‚
707 2259 742 2302 ac
766 2257 856 2318 prope
878 2258 915 2299 ex
940 2241 1001 2308 ejus
1017 2239 1147 2300 saucibus
1164 2242 1216 2301 eri-

268 2317 316 2395 pias
332 2365 342 2395 ,
361 2340 395 2380 ac
417 2319 437 2377 sr
459 2317 554 2379 nostra
573 2317 667 2378 caussa
686 2317 716 2380 id
735 2315 825 2377 sacete
844 2336 958 2397 negor,
987 2315 1017 2377 id
1040 2317 1094 2378 tibi
1116 2319 1218 2381 saltem

269 2414 296 2459 tre
309 2418 403 2479 nega,
419 2396 471 2478 qui
488 2416 540 2457 nos
556 2395 617 2458 assii
639 2415 706 2471 ena,
726 2396 802 2458 hosti
818 2411 871 2456 tuo
888 2394 1097 2474 crudeliffimo,
1139 2401 1169 2461 ui
1186 2416 1217 2462 te

268 2492 323 2552 te,
341 2475 430 2539 corde
443 2494 553 2558 negans
567 2508 584 2550 ‚=
600 2417 638 2539 ri
645 2475 707 2557 ipsa
721 2474 858 2539 interficit
874 2519 884 2550 ,
907 2476 984 2537 nihil
1000 2478 1110 2558 gratius
1138 2499 1218 2544 acere

270 2568 355 2633 potes.
379 2556 445 2618 Nos
459 2557 614 2639 quidenna
666 2555 892 2627 rtutbatiotaibus
917 2555 1100 2621 transversia
1121 2559 1216 2638 imur,

270 2648 359 2698 terunt
376 2651 410 2698 ut
425 2633 463 2696 ab
478 2635 515 2697 iis
531 2636 562 2696 in
578 2655 625 2697 me
638 2636 728 2698 iorem
745 2633 859 2697 sensum
875 2634 1033 2699 redivimus
1047 2642 1053 2653 '
1065 2579 1129 2703 'tiis
1147 2655 1216 2706 toto

270 2714 341 2778 orde
355 2714 518 2790 credimus,
536 2731 567 2777 re
575 2717 661 2801 pleno
669 2737 719 2778 ore
734 2714 877 2791 fatemur,
900 2731 931 2778 te
954 2680 1214 2861 sensificofimur,

270 2788 314 2858 nbi
331 2794 436 2859 omnia
459 2811 511 2858 tua
533 2812 567 2859 ut
583 2797 717 2860 omnium
774 2798 848 2859 timo
864 2795 968 2859 damus
982 2799 1039 2860 atti
1079 2799 1112 2861 i.
1142 2800 1215 2865 Effi-

267 2884 306 2949 ῦς,
325 2872 435 2938 summe
449 2874 545 2950 Deus,
566 2895 602 2936 ne
618 2877 759 2958 sempera
794 2876 847 2938 isto
871 2874 1104 2955 insolentissimo,
1125 2896 1214 2964 atque

267 2942 451 3034 superbitsrmo
467 2948 640 3017 hostertttud
663 2955 785 3018 verbum
810 2953 895 3016 nobis
911 2956 1131 3032 calamitosum,
1153 2977 1210 3021 tuae

263 3038 326 3095 Vtro
342 3033 789 3129 magnitudiniindignisstmum,
797 3034 963 3096 audiamus.
983 3037 1077 3097 Dicite
1090 3039 1233 3112 randena:

265 3106 422 3193 christiana,
438 3112 534 3190 ubiafl
547 3113 634 3191 ‘uester
650 3112 745 3175 Deus?
767 3115 851 3189 Quin
870 3112 968 3188 effice,
988 3128 1024 3174 ut
1042 3131 1144 3179 contra
1158 3116 1234 3206 ipsi³

262 3184 413 3274 aliquando
432 3192 567 3256 audacier
587 3192 829 3273 respondeamus.
857 3192 936 3252 Deus
957 3191 1056 3269 noster,
1077 3196 1156 3256 Deus
1175 3194 1231 3274 estc

262 3273 444 3348 meierum,
464 3275 514 3354 qm'
527 3272 659 3354 superbos
679 3271 764 3348 hostes
776 3270 845 3347 suos
863 3272 899 3332 de
918 3275 1011 3350 Regno
1029 3272 1150 3350 dejicit,
1167 3295 1211 3335 at·

260 3360 309 3418 quo
326 3354 461 3414 retundit.
481 3353 515 3414 Id
531 3398 541 3428 ‚
558 3353 641 3444 'quod
662 3373 711 3434 par
732 3371 809 3425 vos,
831 3349 851 3411 fi
871 3350 902 3411 in
923 3351 998 3415 hanc
1017 3352 1212 3437 Christianam

254 3433 439 3495 concordiam
459 3432 620 3497 Christiane
639 3431 776 3510 coibitis,
793 3428 915 3495 efficiet.'
1225 3410 1232 3457 ς

1222 3485 1234 3549 i

1041 3744 1043 3753 .
1131 3722 1163 3759 ,·
1219 3709 1247 3769 p'

1224 3840 1241 3883 2
