3000 4559
323 469 383 539 188
421 488 441 537 .’
540 468 792 535 RARTHOL.
826 466 993 534 niceri

282 549 389 647 ltaque
410 550 461 614 fibi
485 551 627 614 confinxit
652 552 702 614 sua
726 552 907 692 negligentia
931 549 1130 614 Possrdonium
1146 542 1236 610 tetmi·

282 653 432 699 nationem
455 631 539 693 illam
564 632 595 694 in
618 634 665 710 jur
692 632 784 693 eoin
819 652 874 694 oco
896 631 1018 693 dixisse.
1043 629 1086 692 Et
1109 649 1170 691 uon
1191 631 1238 692 isle

279 717 386 796 cuique
410 711 574 774 mirandum
599 711 631 772 in
655 711 778 774 modurn
802 711 925 773 insanire
950 707 1128 772 videbitur?
1158 708 1195 768 Et
1212 729 1238 768 e·

302 815 348 855 ere
366 813 428 854 non
450 791 543 853 solum
565 811 672 872 magna
691 790 832 853 hellebori
852 792 900 867 vi,
923 789 1080 852 sedetiam
1099 787 1237 868 compedi-

278 815 334 936 bus
355 872 451 933 multo
471 869 666 935 craffioribus?
683 872 725 933 At
739 888 885 962 quantus,
928 888 1033 932 uantur
1052 868 1101 930 hic
1116 868 1180 942 est,
1197 883 1237 928 to·

277 968 327 1015 tus
348 951 388 1013 eli
408 951 577 1014 ostentatio.
600 949 758 1012 Possrdonir
777 951 915 1031 Philosop
939 951 964 1024 '·,
985 950 1104 1032 inquit,
1125 945 1165 1007 est
1183 946 1237 1007 sen·

281 1032 398 1094 tentia.
422 1031 576 1113 Nusquam
598 1031 638 1091 est
659 1031 690 1091 in
709 1031 891 1104 Plutarcho,
914 1026 1103 1109 Philosophi,
1130 1042 1236 1088 tanturn

277 1112 446 1187 Poffidonius
467 1111 599 1191 legitur.
619 1109 681 1172 Cur
700 1110 791 1191 igitur
808 1128 840 1172 tn
862 1108 1144 1188 Philosopbi'vocem
1165 1105 1236 1168 addi·

277 1189 364 1252 dislil
384 1191 426 1252 Ut
449 1211 544 1251 meam
564 1189 736 1270 sapientiam
758 1192 854 1270 magis
872 1189 1067 1251 ostentarem.
1088 1185 1176 1248 Reere
1198 1186 1235 1246 sa·

276 1291 332 1331 ne.
352 1270 481 1331 Tametfi
501 1269 654 1332 stultitiam
672 1287 754 1332 tuam
772 1270 865 1351 magis
881 1269 1046 1331 declarasti.
1067 1265 1131 1328 Cur
1147 1281 1237 1329 autern

275 1371 339 1411 non
358 1349 462 1411 restius
478 1351 694 1412 Grammaticum
709 1350 824 1426 dixisti,
843 1350 962 1431 quando
978 1350 1015 1410 ad
1035 1345 1238 1426 Philosophum

275 1429 353 1492 nihil
369 1431 475 1492 attinet
494 1429 530 1491 de
545 1430 699 1492 nominum
716 1432 920 1493 Romanorum
937 1426 1146 1491 terminatione
1168 1443 1237 1506 qua·

277 1529 358 1581 rere3
378 1510 598 1572 Grammaticus
619 1531 689 1572 vero
708 1513 800 1572 etiam
821 1512 854 1570 in
874 1509 919 1570 his
940 1508 1065 1584 habeat,
1086 1505 1141 1589 qui
1162 1505 1236 1565 volu·

274 1589 359 1650 mina
380 1585 535 1651 conficiat?
555 1589 635 1664 Quia
650 1611 711 1652 non
731 1607 794 1652 tam
813 1588 914 1652 dolius
936 1588 1030 1650 videri
1050 1583 1234 1667 poteram,si

274 1670 458 1730 Grammatici
476 1668 667 1745 addidissem,
696 1686 730 1732 ut
750 1671 783 1730 in
803 1667 985 1749 Philosophi.
1015 1670 1059 1728 At
1080 1666 1138 1726 hoc
1157 1664 1234 1724 modo

273 1747 383 1823 etiarn,
406 1765 439 1810 ut
460 1750 588 1809 maxime
607 1749 744 1810 omnibus
760 1749 898 1810 ridiculus
914 1748 1000 1823 elles,
1021 1743 1159 1807 effecisti.
1178 1743 1231 1804 Vir

275 1825 364 1894 hodie
384 1848 403 1888 a
422 1827 580 1888 Plutarcho
600 1827 761 1889 discedam.
782 1829 928 1902 Audistis,
947 1827 981 1888 id
993 1847 1083 1908 genus
1104 1846 1232 1903 argumen-

272 1923 306 1964 ra
325 1904 535 1966 innumerabilia
555 1907 758 1982 conficetudinis
776 1908 955 1983 inconstantia
970 1905 1160 1987 suppeditar;
1178 1903 1233 1984 quir

274 1980 328 2047 bus
337 1984 432 2048 verbis
439 1985 640 2068 isteiutelligit
656 1986 810 2049 possidonii
823 1987 995 2049 sententiam
1019 1984 1154 2056 reieftam
1168 1984 1231 2045 esser

272 2065 306 2129 ἃ
325 2065 411 2128 miser
427 2086 487 2144 non
508 2065 617 2144 videt,
638 2064 734 2129 referri
751 2068 790 2129 ad
810 2067 984 2149 postremam
1003 2063 1154 2128 Plutarchi
1173 2083 1229 2143 par·

273 2161 363 2220 tem,
391 2166 458 2208 cum
479 2147 544 2228 agit
565 2145 601 2208 de
619 2148 820 2228 cognomine,
849 2147 929 2228 quod
961 2145 1067 2208 multis
1086 2146 1122 2206 de
1142 2141 1230 2204 caulis

271 2224 384 2305 apponi
404 2225 492 2301 dicit,
513 2227 593 2297 cuius
613 2248 680 2289 cum
700 2228 833 2310 quadam
854 2227 988 2308 exempla
1009 2222 1183 2299 adduxisset,
1201 2238 1229 2284 ut

266 2305 326 2386 ¹qui
346 2307 447 2367 omnia
467 2327 673 2369 connumerare
695 2309 845 2389 nequiret,
866 2305 985 2382 subdit,
1006 2308 1039 2367 id
1055 2328 1145 2385 genus
1163 2325 1229 2382 argu·

270 2402 364 2454 menta
383 2385 597 2462 innumerabilia
617 2387 818 2462 consuetudinis
845 2387 1025 2463 inconstantia
1038 2385 1226 2466 suppedirar;

272 2462 352 2545 quasi
373 2463 500 2541 dixisset,
521 2466 552 2528 δι
571 2483 674 2528 caetera
695 2467 722 2528 id
741 2487 832 2547 genus
848 2466 1074 2528 innumerabilia
1090 2463 1227 2543 exempla,

271 2563 337 2626 quae
358 2545 572 2634 consuetudinis
593 2546 787 2610 inconstantia
815 2547 967 2627 suggerit.
998 2549 1041 2608 At
1072 2546 1131 2616 jam
1153 2542 1229 2614 satis,

272 2641 307 2683 ut
328 2622 462 2698 arbitror,
488 2626 598 2687 conslat
619 2626 654 2687 de
674 2627 790 2689 Mario.
810 2627 890 2701 Quid
910 2647 983 2689 vero
1002 2627 1038 2687 de
1059 2619 1224 2686 Coriolano?

272 2702 490 2764 Tantumdem.
519 2705 630 2766 Totam
650 2706 730 2770 enim
761 2705 843 2766 illam
873 2723 984 2787 partem
1009 2705 1152 2768 consumit
1170 2702 1228 2764 Plu·

273 2779 390 2841 tarchns
411 2782 443 2840 iu
465 2781 609 2844 reddenda
629 2785 768 2859 ratione,
792 2786 867 2846 uude
889 2787 1069 2867 cognomina
1089 2788 1226 2865 imponan-

272 2875 336 3000 tursi
358 2860 403 2922 De
422 2860 503 2922 vocis
525 2878 624 2924 autern
647 2863 853 2929 terminatione
875 2866 951 2927 nihil
971 2865 1113 2947 prorsus.
1142 2861 1227 2945 Pergit

273 2958 312 3020 po
337 2958 386 3000 ea.

310 3098 470 3162 Dicendum
485 3102 586 3183 igitur,
604 3118 690 3185 puto,
710 3125 764 3165 non
780 3105 831 3185 effe
838 3107 947 3188 semper
962 3126 1080 3184 vnum,
1099 3106 1172 3187 quod
1191 3124 1226 3164 ru·

271 3199 333 3240 men
347 3181 412 3262 post
426 3185 757 3262 pronomen-terminetur
776 3186 806 3245 in
826 3186 891 3247 iuS.

314 3339 391 3401 Puto
400 3381 415 3427 ,·
432 3336 491 3429 iam
512 3363 566 3404 vos
586 3341 685 3406 vidill'e
706 3343 777 3425 sape
797 3346 872 3426 apud
892 3345 978 3409 istum
999 3346 1124 3409 nomina
1141 3344 1226 3410 omnia
1272 3412 1273 3419 χ

269 3415 345 3475 esse.
374 3418 460 3479 thrl
481 3422 558 3483 enim
580 3420 714 3488 discernit
733 3443 937 3504 praenomena
966 3428 1119 3502 nomine,
1146 3443 1228 3507 neque
1272 3424 1273 3467 i

269 3513 432 3582 cognomen
451 3498 489 3589 ab
512 3518 652 3584 utroque,
672 3502 717 3563 sed
739 3503 808 3566 facit
831 3527 939 3567 nomen
961 3508 1073 3587 primi,
1093 3508 1125 3570 ἃ
1143 3508 1226 3569 secun·

268 3571 325 3648 dr,
346 3574 384 3663 ⁸&
406 3580 585 3668 tertuloci.
616 3583 724 3644 Nonne
745 3583 801 3645 hcc
824 3586 891 3647 satis
912 3586 1009 3648 estad
1031 3587 1225 3650 Romanorum

268 3670 425 3741 nominum
448 3662 568 3720 rationis
591 3663 817 3742 cognitionem?
846 3667 942 3726 immo
965 3668 1058 3728 etiam
1080 3669 1224 3750 superque.

269 3729 389 3797 Didium
410 3751 508 3795 autern
529 3741 567 3801 est
588 3741 688 3819 supra,
709 3745 741 3804 in
762 3743 936 3825 disputando
955 3746 1032 3807 nihil
1056 3749 1170 3822 valere,
1187 3767 1225 3825 ego

259 3826 348 3895 puro,
368 3811 398 3876 &
419 3827 452 3878 tu
472 3829 572 3882 tamen
591 3821 666 3885 nihil
688 3821 768 3897 aliud
788 3822 873 3888 all'ers
891 3825 928 3890 ad
945 3825 1148 3908 probandum.
1169 3828 1224 3893 uo

154 3910 243 4062 ἱ
1156 3906 1193 3970 ser
