3000 4559
573 478 603 544 R
642 472 684 542 E·
710 480 740 542 tt
779 478 810 542 U
850 476 903 542 M.
1120 470 1202 547 221·¹

289 562 402 625 tautum
417 559 491 640 abeli
506 562 523 638 ,'
548 581 580 621 ut
596 561 681 622 Civis
693 559 733 634 stt
752 604 762 636 ,
778 577 811 621 ut
827 558 968 638 acerbior,
989 577 1072 642 atque
1087 557 1221 628 teudeliot
1267 561 1272 568 ’

290 643 372 721 basiis
388 643 439 723 effe
456 664 508 702 non
523 641 617 722 poffit.
728 674 731 679 ’
1029 668 1031 673 ·
1182 665 1220 723 27

249 724 340 785 Cives
352 721 558 802 prestantiffimi
575 719 680 782 Archia
697 722 786 780 Poeta
805 722 836 780 in
853 722 959 803 judicio
970 723 1119 800 flaventes:
1143 738 1147 743 '
1180 744 1219 804 32

252 803 343 864 Cives
361 802 481 860 Romani
496 800 531 861 de
548 799 701 882 Republica
717 803 839 860 maxime
857 803 961 861 meriti.
1181 824 1222 882 40

251 883 341 944 Cives
357 881 477 941 Romani
493 881 585 962 magis
600 878 807 942 delellabantur
819 883 1008 963 prenomine,
1030 904 1115 964 quam
1135 884 1221 943 nomi-

293 983 343 1022 ne.
704 992 707 999 ·
1165 983 1178 1023 1
1203 985 1223 1024 0

250 1042 339 1104 Civis
354 1041 450 1102 nullus
469 1039 499 1101 in
516 1040 687 1123 Reipublicae
700 1044 761 1119 sue
774 1043 869 1119 salute
913 1044 1024 1105 rivatus
1045 1044 1098 1125 effe
1108 981 1199 1125 potasi
1215 1087 1226 1120 ,

293 1121 338 1181 teti
354 1123 445 1182 malus
463 1143 612 1201 numquam
625 1121 825 1205 publicaeeffe
841 1124 879 1184 ‘de
898 1141 939 1184 et.
1184 1140 1223 1201 27

253 1201 343 1262 Civis
359 1205 500 1263 Romanus
516 1202 581 1282 quis
590 1198 680 1277 fiebat
697 1205 803 1264 virtute
812 1204 870 1281 fua
885 1203 983 1284 aliqua
991 1204 1147 1285 prestanti.
1186 1220 1223 1281 33

253 1281 344 1345 Civis
360 1303 379 1340 a
396 1283 460 1360 suis
477 1282 578 1345 Gratis
602 1280 726 1344 omnibns
748 1306 797 1346 cur
812 1281 929 1346 Archias
944 1287 1028 1344 Poeta
1044 1283 1083 1359 fit
1102 1282 1228 1364 appella·

296 1378 359 1422 tus.
765 1396 769 1404 ·
1188 1361 1228 1442 38

255 1442 374 1503 Civitas
394 1444 518 1504 Romana
541 1444 654 1520 Matio,
677 1445 717 1506 v
731 1447 858 1507 Ciceroni
873 1442 1065 1508 recentioribus
1080 1443 1166 1504 data.
1189 1458 1226 1521 35

258 1521 389 1582 Civitate
408 1524 504 1583 donati
523 1526 584 1603 ejus
604 1527 689 1584 etiam
709 1529 817 1586 nomine
836 1525 1027 1587 donabantur.
1144 1560 1148 1569 ·
1172 1536 1227 1600 155

257 1601 387 1661 Civitate
420 1604 548 1663 Romano
577 1607 688 1665 donatis
707 1604 855 1666 atabulis
885 1604 1012 1685 constitit
1041 1601 1233 1685 quadraginta

296 1681 363 1742 diee-
378 1680 535 1760 dabantur,
556 1683 658 1764 quibut
670 1687 719 1759 ,aa
739 1689 881 1749 Pratotem
896 1680 1101 1768 profiterentur,
1176 1700 1181 1723 ··
1193 1696 1233 1760 37

256 1761 383 1821 Ciuitate
403 1766 531 1824 Romana
551 1768 735 1826 Romanorum
751 1767 884 1845 satietati
899 1761 1075 1847 gaudebant.
1192 1776 1228 1842 33

259 1842 324 1924 ,Qui
345 1843 375 1900 in
405 1845 533 1904 Ciuitate
555 1849 680 1907 Romana
700 1866 804 1924 erant,
834 1868 897 1907 cum
926 1844 1042 1923 lustrum
1068 1840 1234 1929 agebatur,

277 1950 280 1957 ·
299 1923 434 1999 oderant,
449 1920 670 2004 ptesstebantat,
691 1924 889 2006 eenftbantar.
1196 1934 1237 2003 37

257 2002 414 2064 Civitatem
436 2007 589 2067 Romanam
608 2007 727 2085 adeptae
748 2005 861 2067 tabulas
882 2003 1055 2080 cooo‘lciebat,
1069 2018 1111 2064 'ttt
1123 2024 1177 2062 non
1188 2001 1236 2078 so·

297 2081 358 2142 lum
373 2078 447 2156 fibi,
467 2105 563 2142 verum
583 2086 667 2143 etiam
685 2086 802 2164 peslerio
812 2087 894 2162 suis,
914 2085 1091 2165 prospiceret.
1155 2088 1157 2095 '
1195 2096 1232 2160 35

258 2164 291 2221 In
311 2161 473 2222 Civitatem
493 2164 651 2222 Romanam
672 2163 760 2222 alieni
780 2163 867 2225 tribus
887 2164 977 2223 modis
996 2158 1161 2221 veniebant.
1197 2176 1234 2237 33

258 2243 398 2302 Civitates
420 2261 535 2315 omnes,
556 2242 648 2300 omnia
670 2243 845 2318 commertia,
866 2243 952 2302 oannis
972 2240 1091 2319 denique
1109 2236 1235 2298 hamam

294 2321 412 2399 societas
434 2320 560 2395 tollitur,
580 2322 641 2400 jure
656 2321 791 2398 sublato.
1200 2333 1239 2395 59

261 2401 402 2461 Civitates
427 2398 532 2478 sepiem
580 2398 643 2473 uast
658 2397 764 2460 bellum
785 2402 855 2461 inter
875 2402 909 2479 se
928 2398 1089 2462 acerrimum
1115 2413 1239 2478 gerentes

273 2518 276 2525 ·
302 2478 337 2537 de
358 2479 472 2537 Homero
493 2480 523 2539 in
539 2422 596 2556 sia
619 2481 748 2540 Civitate
767 2481 925 2542 retinendo.
1128 2499 1177 2556 40.
1196 2492 1241 2553 41¹

262 2561 296 2617 In
318 2555 494 2618 Civitatibus
513 2560 620 2639 aquius
638 2561 780 2637 vivitur,
805 2560 845 2623 Φ
865 2578 995 2621 amantem
1017 2558 1087 2620 inter
1103 2557 1137 2637 se
1153 2557 1238 2617 etiam

302 2636 423 2696 homines
443 2639 554 2716 verius,
569 2642 696 2721 potentia
715 2664 749 2702 ex
764 2642 881 2722 judiciis
892 2639 1026 2720 sublata.
1181 2655 1237 2713 109

262 2720 296 2780 ln
315 2715 491 2779 Civitatibus
511 2719 675 2782 omnibuein
690 2720 930 2802 ¹primitatbettat,
944 2719 992 2783 ’Φ
1010 2741 1098 2782 retum
1117 2720 1239 2780 omnium

301 2797 401 2879 aopt‘tt,
417 2797 457 2860 &
474 2800 575 2861 vilitas
596 2803 816 2865 commendatur.
1129 2873 1133 2879 ι
1154 2814 1172 2836 ··
1197 2802 1239 2859 60

263 2879 320 2954 lis,
340 2876 392 3015 Zeti
407 2879 552 2940 Civitatie
562 2881 610 2960 jue
625 2881 830 2962 affiqmmtter,
859 2885 892 2945 id
907 2884 990 2945 motis
1009 2886 1046 2963 esl
1071 2898 1129 2959 ,ut
1141 2893 1240 2961 pretet

323 2979 342 3016 u
363 2956 433 3017 licat
451 2957 562 3019 tabulas
573 2961 696 3039 privata
715 2963 798 3020 etiam
809 2961 965 3042 fignentur.
1198 2958 1237 3029 36

265 2973 494 3099 Cliniam-Pom.
517 3040 667 3099 Maximae
689 3037 815 3120 ptimum'
842 3044 959 3117 Roma,
989 3038 1089 3102 deinde
1110 3037 1141 3096 in
1158 3032 1242 3095 Urbe-

274 3167 279 3177 .
307 3122 413 3177 vetana
433 3115 565 3198 obfiffus.
1185 3129 1245 3190 107

266 3197 317 3259 Aa
333 3196 500 3258 Clementem
520 3201 600 3260 Pout.
617 3199 780 3260 Maximum
796 3197 927 3278 obfeffam
953 3195 1128 3259 liberandum
1145 3195 1255 3284 Intres¹

306 3273 386 3338 coins
405 3278 436 3337 iu
451 3279 567 3339 Italiam
590 3300 652 3341 eam
670 3279 797 3341 maximo
820 3281 937 3342 exercitu
951 3299 971 3338 a
988 3275 1132 3353 Franctsto
1147 3273 1244 3333 Primo

310 3358 386 3436 Rege
401 3358 503 3418 Gallia
524 3358 634 3439 miffut.
1074 3392 1076 3397 ·
1173 3347 1245 3412 ibid.

267 3435 429 3497 Clementia
445 3439 547 3500 e'aeteeit
567 3438 725 3500 virtutibus
739 3436 866 3500 minibus
881 3435 1074 3520 anteferenda.
1201 3428 1246 3510 48

270 3514 449 3592 Clementia,
470 3518 509 3579 (9⁵
524 3519 633 3598 iustitia
647 3541 666 3579 a
684 3520 812 3600 Princite
826 3521 915 3601 expeti
929 3520 1037 3598 solent.
1205 3526 1244 3590 43

271 3594 449 3671 Clementia,
470 3595 509 3658 (9⁶
534 3599 635 3675 'ullite'a
650 3599 692 3658 it'a
707 3600 778 3658 inter
787 3600 821 3677 se
836 3598 982 3678 conjunllae
992 3599 1088 3677 sum,
1108 3611 1140 3656 at
1155 3591 1246 3654 altera

278 3728 286 3741 ,
308 3671 369 3748 stae
385 3675 474 3735 altero
490 3620 557 3736 relic
571 3680 689 3758 &fenon
702 3679 799 3756 pofftt.
818 3705 820 3713 ·
1006 3704 1008 3709 ·
1208 3687 1243 3749 53

271 3755 349 3823 lutet
364 3754 536 3815 clementiam
545 3758 624 3841 Julii
642 3757 782 3844 Cesett‘s,
802 3759 842 3823 (θ’
858 3758 987 3824 Herculis
1002 3762 1041 3821 ll.
1057 3754 1157 3831 Aeeflit
1176 3771 1246 3809 com·

280 3884 283 3891 .
311 3833 441 3917 paratio.
623 3866 645 3897 .·
700 3866 726 3893 ι
951 3874 954 3879 -
1068 3835 1117 3916 4&
1138 3829 1247 3975 egl-56

320 3958 326 3969 .
370 3948 376 3963 ι
1186 3931 1211 3971 t·
