<?xml version="1.0" encoding="UTF-8"?>
<!DOCTYPE html PUBLIC "-//W3C//DTD XHTML 1.0 Transitional//EN"
    "http://www.w3.org/TR/xhtml1/DTD/xhtml1-transitional.dtd">
<html xmlns="http://www.w3.org/1999/xhtml" xml:lang="en" lang="en">
 <head>
  <title>
</title>
<meta http-equiv="Content-Type" content="text/html;charset=utf-8" />
  <meta name='ocr-system' content='tesseract 3.04.00' />
  <meta name='ocr-capabilities' content='ocr_page ocr_carea ocr_par ocr_line ocrx_word'/>
</head>
<body>
  <div class='ocr_page' id='page_1' title='image "./operumtomusprim00riccgoog_0136.png"; bbox 0 0 3000 4559; ppageno 0'>
   <div class='ocr_carea' id='block_1_1' title="bbox 276 474 1247 1923">
    <p class='ocr_par' dir='ltr' id='par_1_1' title="bbox 303 474 1047 563">
     <span class='ocr_line' id='line_1_1' title="bbox 303 474 1047 563; baseline -0.008 -19"><span class='ocrx_word' id='word_1_1' title='bbox 303 481 369 563; x_wconf 48' lang='lat'>,78</span> <span class='ocrx_word' id='word_1_2' title='bbox 425 556 428 560; x_wconf 14' lang='grc' dir='ltr'>ι</span> <span class='ocrx_word' id='word_1_3' title='bbox 548 474 804 542; x_wconf 60' lang='grc' dir='ltr'>Ε’ᾺΒΤΗΟΕᾸ</span> <span class='ocrx_word' id='word_1_4' title='bbox 825 476 994 539; x_wconf 70' lang='lat' dir='ltr'>mccli</span> <span class='ocrx_word' id='word_1_5' title='bbox 1045 553 1047 558; x_wconf 23' lang='grc' dir='ltr'>Ι</span> 
     </span>
    </p>

    <p class='ocr_par' dir='ltr' id='par_1_2' title="bbox 276 553 1247 1923">
     <span class='ocr_line' id='line_1_2' title="bbox 283 553 1245 700; baseline -0.008 -74"><span class='ocrx_word' id='word_1_6' title='bbox 283 565 378 626; x_wconf 75' lang='lat' dir='ltr'>totius</span> <span class='ocrx_word' id='word_1_7' title='bbox 398 555 631 638; x_wconf 75' lang='lat' dir='ltr'>Italia23&#39;multis</span> <span class='ocrx_word' id='word_1_8' title='bbox 652 578 685 622; x_wconf 88' lang='lat' dir='ltr'>ac</span> <span class='ocrx_word' id='word_1_9' title='bbox 707 559 823 700; x_wconf 53' lang='lat' dir='ltr'>magnis</span> <span class='ocrx_word' id='word_1_10' title='bbox 842 557 947 620; x_wconf 85' lang='lat' dir='ltr'>officiis</span> <span class='ocrx_word' id='word_1_11' title='bbox 969 553 1094 619; x_wconf 82' lang='lat' dir='ltr'>Urbanis&#39;</span> <span class='ocrx_word' id='word_1_12' title='bbox 1112 555 1245 627; x_wconf 84' lang='lat' dir='ltr'>adiume-</span> 
     </span>
     <span class='ocr_line' id='line_1_3' title="bbox 284 635 1245 726; baseline -0.004 -23"><span class='ocrx_word' id='word_1_13' title='bbox 284 657 329 704; x_wconf 87' lang='lat' dir='ltr'>tat</span> <span class='ocrx_word' id='word_1_14' title='bbox 351 641 513 718; x_wconf 81' lang='lat' dir='ltr'>amicitiis,</span> <span class='ocrx_word' id='word_1_15' title='bbox 538 639 645 726; x_wconf 87' lang='lat' dir='ltr'>quibus</span> <span class='ocrx_word' id='word_1_16' title='bbox 675 640 757 703; x_wconf 85' lang='lat' dir='ltr'>omni</span> <span class='ocrx_word' id='word_1_17' title='bbox 778 654 811 700; x_wconf 87' lang='lat' dir='ltr'>us</span> <span class='ocrx_word' id='word_1_18' title='bbox 839 656 907 702; x_wconf 91' lang='lat' dir='ltr'>cum</span> <span class='ocrx_word' id='word_1_19' title='bbox 935 639 983 699; x_wconf 93' lang='lat' dir='ltr'>hic</span> <span class='ocrx_word' id='word_1_20' title='bbox 1005 653 1066 698; x_wconf 90' lang='lat' dir='ltr'>tam</span> <span class='ocrx_word' id='word_1_21' title='bbox 1089 635 1245 717; x_wconf 87' lang='lat' dir='ltr'>improviso</span> 
     </span>
     <span class='ocr_line' id='line_1_4' title="bbox 283 715 1243 797; baseline -0.006 -15"><span class='ocrx_word' id='word_1_22' title='bbox 283 723 403 784; x_wconf 90' lang='lat' dir='ltr'>nuntius</span> <span class='ocrx_word' id='word_1_23' title='bbox 424 721 583 797; x_wconf 86' lang='lat' dir='ltr'>afferetur,</span> <span class='ocrx_word' id='word_1_24' title='bbox 614 741 681 784; x_wconf 91' lang='lat' dir='ltr'>cum</span> <span class='ocrx_word' id='word_1_25' title='bbox 699 719 864 781; x_wconf 83' lang='lat' dir='ltr'>Fertinium</span> <span class='ocrx_word' id='word_1_26' title='bbox 886 716 1025 780; x_wconf 79' lang='lat' dir='ltr'>deceffiffe</span> <span class='ocrx_word' id='word_1_27' title='bbox 1047 715 1243 792; x_wconf 81' lang='lat' dir='ltr'>nuntiabitur,</span> 
     </span>
     <span class='ocr_line' id='line_1_5' title="bbox 284 795 1243 929; baseline -0.003 -67"><span class='ocrx_word' id='word_1_28' title='bbox 284 802 335 863; x_wconf 90' lang='lat' dir='ltr'>Dii</span> <span class='ocrx_word' id='word_1_29' title='bbox 358 801 427 863; x_wconf 89' lang='lat' dir='ltr'>boni</span> <span class='ocrx_word' id='word_1_30' title='bbox 447 800 499 884; x_wconf 86' lang='lat' dir='ltr'>qui</span> <span class='ocrx_word' id='word_1_31' title='bbox 519 799 672 885; x_wconf 83' lang='lat' dir='ltr'>gemitus?</span> <span class='ocrx_word' id='word_1_32' title='bbox 701 816 765 929; x_wconf 65' lang='lat' dir='ltr'>puae</span> <span class='ocrx_word' id='word_1_33' title='bbox 795 799 915 882; x_wconf 90' lang='lat' dir='ltr'>suspiria</span> <span class='ocrx_word' id='word_1_34' title='bbox 937 795 1169 860; x_wconf 77' lang='lat' dir='ltr'>excitabuntur?</span> <span class='ocrx_word' id='word_1_35' title='bbox 1197 800 1243 879; x_wconf 89' lang='lat' dir='ltr'>qui</span> 
     </span>
     <span class='ocr_line' id='line_1_6' title="bbox 282 876 1245 963; baseline -0.004 -22"><span class='ocrx_word' id='word_1_36' title='bbox 282 881 439 963; x_wconf 84' lang='lat' dir='ltr'>ploratus?</span> <span class='ocrx_word' id='word_1_37' title='bbox 469 895 532 963; x_wconf 79' lang='lat' dir='ltr'>quac</span> <span class='ocrx_word' id='word_1_38' title='bbox 561 880 710 943; x_wconf 88' lang='lat' dir='ltr'>lamenta.</span> <span class='ocrx_word' id='word_1_39' title='bbox 743 898 808 962; x_wconf 85' lang='lat' dir='ltr'>quae</span> <span class='ocrx_word' id='word_1_40' title='bbox 829 881 861 941; x_wconf 91' lang='lat' dir='ltr'>in</span> <span class='ocrx_word' id='word_1_41' title='bbox 882 877 943 941; x_wconf 90' lang='lat' dir='ltr'>fata</span> <span class='ocrx_word' id='word_1_42' title='bbox 962 878 1024 960; x_wconf 88' lang='lat' dir='ltr'>ipsa</span> <span class='ocrx_word' id='word_1_43' title='bbox 1043 878 1134 940; x_wconf 87' lang='lat' dir='ltr'>etiam</span> <span class='ocrx_word' id='word_1_44' title='bbox 1154 876 1245 958; x_wconf 80' lang='lat' dir='ltr'>aspera</span> 
     </span>
     <span class='ocr_line' id='line_1_7' title="bbox 284 957 1242 1044; baseline -0.003 -21"><span class='ocrx_word' id='word_1_45' title='bbox 284 960 391 1023; x_wconf 88' lang='lat' dir='ltr'>verba?</span> <span class='ocrx_word' id='word_1_46' title='bbox 415 960 556 1037; x_wconf 81' lang='lat' dir='ltr'>Tuvero</span> <span class='ocrx_word' id='word_1_47' title='bbox 576 962 607 1023; x_wconf 94' lang='lat' dir='ltr'>in</span> <span class='ocrx_word' id='word_1_48' title='bbox 627 963 748 1044; x_wconf 89' lang='lat' dir='ltr'>primis,</span> <span class='ocrx_word' id='word_1_49' title='bbox 771 960 820 1022; x_wconf 95' lang='lat' dir='ltr'>ubi</span> <span class='ocrx_word' id='word_1_50' title='bbox 842 959 891 1022; x_wconf 91' lang='lat' dir='ltr'>ubi</span> <span class='ocrx_word' id='word_1_51' title='bbox 912 978 941 1021; x_wconf 89' lang='lat' dir='ltr'>es</span> <span class='ocrx_word' id='word_1_52' title='bbox 962 1002 971 1034; x_wconf 89' lang='lat'>,</span> <span class='ocrx_word' id='word_1_53' title='bbox 993 958 1129 1020; x_wconf 76' lang='lat' dir='ltr'>Vistoria</span> <span class='ocrx_word' id='word_1_54' title='bbox 1149 957 1242 1020; x_wconf 84' lang='lat' dir='ltr'>Collo</span> 
     </span>
     <span class='ocr_line' id='line_1_8' title="bbox 283 1037 1243 1125; baseline -0.002 -24"><span class='ocrx_word' id='word_1_55' title='bbox 283 1042 358 1117; x_wconf 88' lang='lat' dir='ltr'>nia,</span> <span class='ocrx_word' id='word_1_56' title='bbox 388 1061 448 1123; x_wconf 93' lang='lat' dir='ltr'>quo</span> <span class='ocrx_word' id='word_1_57' title='bbox 467 1040 616 1118; x_wconf 88' lang='lat' dir='ltr'>humeto,</span> <span class='ocrx_word' id='word_1_58' title='bbox 647 1040 752 1125; x_wconf 91' lang='lat' dir='ltr'>quibus</span> <span class='ocrx_word' id='word_1_59' title='bbox 777 1039 900 1102; x_wconf 81' lang='lat' dir='ltr'>versibus</span> <span class='ocrx_word' id='word_1_60' title='bbox 922 1040 1006 1110; x_wconf 85' lang='lat' dir='ltr'>hujus</span> <span class='ocrx_word' id='word_1_61' title='bbox 1027 1039 1182 1100; x_wconf 88' lang='lat' dir='ltr'>interitum</span> <span class='ocrx_word' id='word_1_62' title='bbox 1198 1037 1243 1099; x_wconf 75' lang='lat' dir='ltr'>&#39;de-</span> 
     </span>
     <span class='ocr_line' id='line_1_9' title="bbox 281 1115 1241 1206; baseline -0.001 -25"><span class='ocrx_word' id='word_1_63' title='bbox 281 1120 435 1202; x_wconf 89' lang='lat' dir='ltr'>plorabis,</span> <span class='ocrx_word' id='word_1_64' title='bbox 463 1140 523 1203; x_wconf 90' lang='lat' dir='ltr'>quo</span> <span class='ocrx_word' id='word_1_65' title='bbox 544 1121 645 1206; x_wconf 85' lang='lat' dir='ltr'>quellu</span> <span class='ocrx_word' id='word_1_66' title='bbox 666 1121 819 1187; x_wconf 86' lang='lat' dir='ltr'>viduatam</span> <span class='ocrx_word' id='word_1_67' title='bbox 842 1122 902 1193; x_wconf 86' lang='lat' dir='ltr'>eius</span> <span class='ocrx_word' id='word_1_68' title='bbox 932 1135 1050 1181; x_wconf 83' lang='lat' dir='ltr'>uxorem</span> <span class='ocrx_word' id='word_1_69' title='bbox 1066 1115 1241 1180; x_wconf 86' lang='lat' dir='ltr'>lamentabe-</span> 
     </span>
     <span class='ocr_line' id='line_1_10' title="bbox 280 1196 1240 1279; baseline 0 -18"><span class='ocrx_word' id='word_1_70' title='bbox 280 1196 350 1261; x_wconf 74' lang='lat' dir='ltr'>ris?</span> <span class='ocrx_word' id='word_1_71' title='bbox 378 1200 437 1262; x_wconf 85' lang='lat' dir='ltr'>scio</span> <span class='ocrx_word' id='word_1_72' title='bbox 459 1202 538 1262; x_wconf 89' lang='lat' dir='ltr'>enim</span> <span class='ocrx_word' id='word_1_73' title='bbox 560 1201 614 1264; x_wconf 91' lang='lat' dir='ltr'>tibi</span> <span class='ocrx_word' id='word_1_74' title='bbox 635 1200 853 1277; x_wconf 77' lang='lat' dir='ltr'>statim-totum</span> <span class='ocrx_word' id='word_1_75' title='bbox 876 1200 981 1261; x_wconf 86' lang='lat' dir='ltr'>statum</span> <span class='ocrx_word' id='word_1_76' title='bbox 1004 1215 1088 1261; x_wconf 88' lang='lat' dir='ltr'>tuum</span> <span class='ocrx_word' id='word_1_77' title='bbox 1110 1196 1240 1279; x_wconf 82' lang='lat' dir='ltr'>[silicet</span> 
     </span>
     <span class='ocr_line' id='line_1_11' title="bbox 280 1278 1238 1361; baseline -0.001 -20"><span class='ocrx_word' id='word_1_78' title='bbox 280 1294 372 1361; x_wconf 87' lang='lat' dir='ltr'>parva</span> <span class='ocrx_word' id='word_1_79' title='bbox 389 1282 503 1361; x_wconf 85' lang='lat' dir='ltr'>magnis</span> <span class='ocrx_word' id='word_1_80' title='bbox 525 1281 673 1345; x_wconf 89' lang='lat' dir='ltr'>interdum</span> <span class='ocrx_word' id='word_1_81' title='bbox 690 1278 847 1361; x_wconf 85' lang='lat' dir='ltr'>conferre]</span> <span class='ocrx_word' id='word_1_82' title='bbox 867 1282 898 1341; x_wconf 92' lang='lat' dir='ltr'>in</span> <span class='ocrx_word' id='word_1_83' title='bbox 919 1295 1048 1340; x_wconf 85' lang='lat' dir='ltr'>mentem</span> <span class='ocrx_word' id='word_1_84' title='bbox 1070 1287 1238 1353; x_wconf 72' lang='lat' dir='ltr'>uenturum,</span> 
     </span>
     <span class='ocr_line' id='line_1_12' title="bbox 280 1358 1240 1443; baseline -0.002 -23"><span class='ocrx_word' id='word_1_85' title='bbox 280 1360 397 1443; x_wconf 83' lang='lat' dir='ltr'>ejusque</span> <span class='ocrx_word' id='word_1_86' title='bbox 412 1358 540 1423; x_wconf 83' lang='lat' dir='ltr'>vulneris</span> <span class='ocrx_word' id='word_1_87' title='bbox 555 1380 654 1443; x_wconf 87' lang='lat' dir='ltr'>parem</span> <span class='ocrx_word' id='word_1_88' title='bbox 675 1362 820 1424; x_wconf 82' lang='lat' dir='ltr'>rationem</span> <span class='ocrx_word' id='word_1_89' title='bbox 838 1360 944 1422; x_wconf 86' lang='lat' dir='ltr'>vulnus</span> <span class='ocrx_word' id='word_1_90' title='bbox 966 1375 1050 1422; x_wconf 94' lang='lat' dir='ltr'>tuum</span> <span class='ocrx_word' id='word_1_91' title='bbox 1064 1359 1156 1441; x_wconf 91' lang='lat' dir='ltr'>paulo</span> <span class='ocrx_word' id='word_1_92' title='bbox 1172 1376 1240 1419; x_wconf 87' lang='lat' dir='ltr'>acer·</span> 
     </span>
     <span class='ocr_line' id='line_1_13' title="bbox 280 1438 1238 1522; baseline -0.002 -22"><span class='ocrx_word' id='word_1_93' title='bbox 280 1439 345 1501; x_wconf 90' lang='lat' dir='ltr'>blus</span> <span class='ocrx_word' id='word_1_94' title='bbox 367 1438 581 1502; x_wconf 85' lang='lat' dir='ltr'>r&#39;csricaturam.</span> <span class='ocrx_word' id='word_1_95' title='bbox 606 1443 675 1504; x_wconf 78' lang='lat' dir='ltr'>Hac</span> <span class='ocrx_word' id='word_1_96' title='bbox 697 1442 817 1516; x_wconf 86' lang='lat' dir='ltr'>omnia,</span> <span class='ocrx_word' id='word_1_97' title='bbox 841 1442 1002 1522; x_wconf 83' lang='lat' dir='ltr'>Princeps,</span> <span class='ocrx_word' id='word_1_98' title='bbox 1023 1458 1087 1522; x_wconf 81' lang='lat' dir='ltr'>quae</span> <span class='ocrx_word' id='word_1_99' title='bbox 1108 1438 1145 1499; x_wconf 85' lang='lat' dir='ltr'>de</span> <span class='ocrx_word' id='word_1_100' title='bbox 1165 1454 1238 1500; x_wconf 87' lang='lat' dir='ltr'>tanto</span> 
     </span>
     <span class='ocr_line' id='line_1_14' title="bbox 279 1519 1237 1604; baseline -0.001 -24"><span class='ocrx_word' id='word_1_101' title='bbox 279 1520 356 1580; x_wconf 82' lang='lat' dir='ltr'>Viro</span> <span class='ocrx_word' id='word_1_102' title='bbox 385 1521 703 1597; x_wconf 79' lang='lat' dir='ltr'>commemoravimus,</span> <span class='ocrx_word' id='word_1_103' title='bbox 732 1521 782 1584; x_wconf 88' lang='lat' dir='ltr'>sua</span> <span class='ocrx_word' id='word_1_104' title='bbox 801 1521 955 1604; x_wconf 85' lang='lat' dir='ltr'>quidem,</span> <span class='ocrx_word' id='word_1_105' title='bbox 991 1539 1084 1602; x_wconf 88' lang='lat' dir='ltr'>eaque</span> <span class='ocrx_word' id='word_1_106' title='bbox 1115 1519 1237 1580; x_wconf 81' lang='lat' dir='ltr'>maxima</span> 
     </span>
     <span class='ocr_line' id='line_1_15' title="bbox 280 1596 1247 1684; baseline -0.002 -24"><span class='ocrx_word' id='word_1_107' title='bbox 280 1600 535 1662; x_wconf 77' lang='lat' dir='ltr'>commendatione</span> <span class='ocrx_word' id='word_1_108' title='bbox 555 1602 645 1684; x_wconf 88' lang='lat' dir='ltr'>digna</span> <span class='ocrx_word' id='word_1_109' title='bbox 666 1601 758 1676; x_wconf 91' lang='lat' dir='ltr'>sunt,</span> <span class='ocrx_word' id='word_1_110' title='bbox 809 1622 908 1683; x_wconf 85' lang='lat' dir='ltr'>uaeque</span> <span class='ocrx_word' id='word_1_111' title='bbox 928 1600 1049 1662; x_wconf 88' lang='lat' dir='ltr'>summis</span> <span class='ocrx_word' id='word_1_112' title='bbox 1071 1599 1102 1659; x_wconf 91' lang='lat' dir='ltr'>in</span> <span class='ocrx_word' id='word_1_113' title='bbox 1125 1596 1247 1659; x_wconf 72' lang='lat' dir='ltr'>Coelums</span> 
     </span>
     <span class='ocr_line' id='line_1_16' title="bbox 278 1623 1233 1763; baseline 0 -25"><span class='ocrx_word' id='word_1_114' title='bbox 278 1678 413 1741; x_wconf 81' lang='lat' dir='ltr'>laudibus</span> <span class='ocrx_word' id='word_1_115' title='bbox 440 1681 621 1754; x_wconf 81' lang='lat' dir='ltr'>efferantut3</span> <span class='ocrx_word' id='word_1_116' title='bbox 649 1700 759 1744; x_wconf 82' lang='lat' dir='ltr'>verum·</span> <span class='ocrx_word' id='word_1_117' title='bbox 780 1623 880 1756; x_wconf 74' lang='lat' dir='ltr'>illud,</span> <span class='ocrx_word' id='word_1_118' title='bbox 911 1681 990 1763; x_wconf 93' lang='lat' dir='ltr'>quod</span> <span class='ocrx_word' id='word_1_119' title='bbox 1020 1699 1100 1760; x_wconf 86' lang='lat' dir='ltr'>nunc</span> <span class='ocrx_word' id='word_1_120' title='bbox 1131 1676 1233 1753; x_wconf 73' lang='lat' dir='ltr'>dican,</span> 
     </span>
     <span class='ocr_line' id='line_1_17' title="bbox 279 1759 1234 1844; baseline -0.001 -25"><span class='ocrx_word' id='word_1_121' title='bbox 279 1759 364 1832; x_wconf 85' lang='lat' dir='ltr'>hujus</span> <span class='ocrx_word' id='word_1_122' title='bbox 386 1779 511 1835; x_wconf 88' lang='lat' dir='ltr'>omnes,</span> <span class='ocrx_word' id='word_1_123' title='bbox 532 1777 620 1844; x_wconf 89' lang='lat' dir='ltr'>atque</span> <span class='ocrx_word' id='word_1_124' title='bbox 649 1762 721 1823; x_wconf 88' lang='lat' dir='ltr'>adeo</span> <span class='ocrx_word' id='word_1_125' title='bbox 741 1778 908 1823; x_wconf 81' lang='lat' dir='ltr'>caeterorum</span> <span class='ocrx_word' id='word_1_126' title='bbox 932 1760 1066 1822; x_wconf 90' lang='lat' dir='ltr'>omnium</span> <span class='ocrx_word' id='word_1_127' title='bbox 1089 1759 1234 1820; x_wconf 85' lang='lat' dir='ltr'>hominum</span> 
     </span>
     <span class='ocr_line' id='line_1_18' title="bbox 276 1837 1233 1923; baseline 0.001 -26"><span class='ocrx_word' id='word_1_128' title='bbox 276 1837 376 1899; x_wconf 84' lang='lat' dir='ltr'>laudes</span> <span class='ocrx_word' id='word_1_129' title='bbox 397 1837 481 1900; x_wconf 83' lang='lat' dir='ltr'>facile</span> <span class='ocrx_word' id='word_1_130' title='bbox 500 1838 637 1922; x_wconf 87' lang='lat' dir='ltr'>superat.</span> <span class='ocrx_word' id='word_1_131' title='bbox 657 1841 771 1902; x_wconf 90' lang='lat' dir='ltr'>Multos</span> <span class='ocrx_word' id='word_1_132' title='bbox 793 1841 942 1923; x_wconf 89' lang='lat' dir='ltr'>quotidie,</span> <span class='ocrx_word' id='word_1_133' title='bbox 963 1841 1117 1920; x_wconf 87' lang='lat' dir='ltr'>Princeps,</span> <span class='ocrx_word' id='word_1_134' title='bbox 1139 1839 1233 1921; x_wconf 77' lang='lat' dir='ltr'>eosque</span> 
     </span>
    </p>
   </div>
   <div class='ocr_carea' id='block_1_2' title="bbox 186 1917 1233 2058">
    <p class='ocr_par' dir='ltr' id='par_1_3' title="bbox 186 1917 1233 2058">
     <span class='ocr_line' id='line_1_19' title="bbox 186 1917 1233 2058; baseline 0 -81"><span class='ocrx_word' id='word_1_135' title='bbox 186 1959 188 1963; x_wconf 91' lang='lat'>-</span> <span class='ocrx_word' id='word_1_136' title='bbox 277 1918 366 1978; x_wconf 83' lang='lat' dir='ltr'>etiarn</span> <span class='ocrx_word' id='word_1_137' title='bbox 389 1918 621 1996; x_wconf 80' lang='lat' dir='ltr'>cumulatissime,</span> <span class='ocrx_word' id='word_1_138' title='bbox 630 1921 741 1982; x_wconf 88' lang='lat' dir='ltr'>laudari</span> <span class='ocrx_word' id='word_1_139' title='bbox 764 1921 918 1991; x_wconf 77' lang='lat' dir='ltr'>audimus,</span> <span class='ocrx_word' id='word_1_140' title='bbox 941 1920 1050 2012; x_wconf 78' lang='lat' dir='ltr'>semper</span> <span class='ocrx_word' id='word_1_141' title='bbox 1071 1917 1183 2058; x_wconf 62' lang='lat' dir='ltr'>alipuid</span> <span class='ocrx_word' id='word_1_142' title='bbox 1198 1933 1233 1978; x_wconf 88' lang='lat' dir='ltr'>ta·</span> 
     </span>
    </p>
   </div>
   <div class='ocr_carea' id='block_1_3' title="bbox 259 1998 1274 3982">
    <p class='ocr_par' dir='ltr' id='par_1_4' title="bbox 259 1998 1274 3982">
     <span class='ocr_line' id='line_1_20' title="bbox 279 1998 1233 2089; baseline 0 -33"><span class='ocrx_word' id='word_1_143' title='bbox 279 2014 372 2072; x_wconf 90' lang='lat' dir='ltr'>men,</span> <span class='ocrx_word' id='word_1_144' title='bbox 401 2013 489 2089; x_wconf 86' lang='lat' dir='ltr'>atque</span> <span class='ocrx_word' id='word_1_145' title='bbox 519 2000 608 2061; x_wconf 89' lang='lat' dir='ltr'>etiarn</span> <span class='ocrx_word' id='word_1_146' title='bbox 640 2001 769 2062; x_wconf 90' lang='lat' dir='ltr'>multum</span> <span class='ocrx_word' id='word_1_147' title='bbox 801 1999 945 2061; x_wconf 88' lang='lat' dir='ltr'>interdum</span> <span class='ocrx_word' id='word_1_148' title='bbox 969 2021 1000 2060; x_wconf 86' lang='lat' dir='ltr'>tn</span> <span class='ocrx_word' id='word_1_149' title='bbox 1023 2001 1059 2060; x_wconf 89' lang='lat' dir='ltr'>tis</span> <span class='ocrx_word' id='word_1_150' title='bbox 1080 1998 1115 2060; x_wconf 93' lang='lat' dir='ltr'>de</span> <span class='ocrx_word' id='word_1_151' title='bbox 1127 1998 1233 2071; x_wconf 84' lang='lat' dir='ltr'>rdetari&#39;,</span> 
     </span>
     <span class='ocr_line' id='line_1_21' title="bbox 277 2075 1231 2219; baseline 0.001 -83"><span class='ocrx_word' id='word_1_152' title='bbox 277 2075 387 2216; x_wconf 70' lang='lat' dir='ltr'>semper</span> <span class='ocrx_word' id='word_1_153' title='bbox 408 2077 521 2219; x_wconf 65' lang='lat' dir='ltr'>altpuid</span> <span class='ocrx_word' id='word_1_154' title='bbox 542 2080 635 2161; x_wconf 84' lang='lat' dir='ltr'>excipi</span> <span class='ocrx_word' id='word_1_155' title='bbox 647 2081 717 2142; x_wconf 91' lang='lat' dir='ltr'>item</span> <span class='ocrx_word' id='word_1_156' title='bbox 740 2080 889 2142; x_wconf 90' lang='lat' dir='ltr'>audimus.</span> <span class='ocrx_word' id='word_1_157' title='bbox 907 2082 985 2141; x_wconf 88' lang='lat' dir='ltr'>Tam</span> <span class='ocrx_word' id='word_1_158' title='bbox 1007 2081 1088 2140; x_wconf 90' lang='lat' dir='ltr'>enim</span> <span class='ocrx_word' id='word_1_159' title='bbox 1113 2078 1231 2140; x_wconf 80' lang='lat' dir='ltr'>humana</span> 
     </span>
     <span class='ocr_line' id='line_1_22' title="bbox 276 2155 1232 2247; baseline -0.001 -31"><span class='ocrx_word' id='word_1_160' title='bbox 276 2168 330 2247; x_wconf 78' lang='lat' dir='ltr'>cop</span> <span class='ocrx_word' id='word_1_161' title='bbox 353 2156 447 2217; x_wconf 84' lang='lat' dir='ltr'>ttioa</span> <span class='ocrx_word' id='word_1_162' title='bbox 487 2157 690 2241; x_wconf 78' lang='lat' dir='ltr'>perseslionem</span> <span class='ocrx_word' id='word_1_163' title='bbox 712 2159 791 2222; x_wconf 89' lang='lat' dir='ltr'>suam</span> <span class='ocrx_word' id='word_1_164' title='bbox 813 2159 913 2220; x_wconf 92' lang='lat' dir='ltr'>debilis</span> <span class='ocrx_word' id='word_1_165' title='bbox 943 2178 1030 2242; x_wconf 86' lang='lat' dir='ltr'>atque</span> <span class='ocrx_word' id='word_1_166' title='bbox 1061 2174 1167 2219; x_wconf 79' lang='lat' dir='ltr'>manca</span> <span class='ocrx_word' id='word_1_167' title='bbox 1184 2155 1232 2218; x_wconf 84' lang='lat' dir='ltr'>ell&#39;.</span> 
     </span>
     <span class='ocr_line' id='line_1_23' title="bbox 275 2235 1231 2379; baseline 0.001 -84"><span class='ocrx_word' id='word_1_168' title='bbox 275 2235 336 2296; x_wconf 88' lang='lat' dir='ltr'>Htc</span> <span class='ocrx_word' id='word_1_169' title='bbox 357 2255 428 2299; x_wconf 86' lang='lat' dir='ltr'>veru</span> <span class='ocrx_word' id='word_1_170' title='bbox 458 2239 551 2302; x_wconf 84' lang='lat' dir='ltr'>noller</span> <span class='ocrx_word' id='word_1_171' title='bbox 579 2242 635 2303; x_wconf 80' lang='lat' dir='ltr'>stne</span> <span class='ocrx_word' id='word_1_172' title='bbox 657 2241 718 2304; x_wconf 89' lang='lat' dir='ltr'>ulla</span> <span class='ocrx_word' id='word_1_173' title='bbox 739 2241 858 2303; x_wconf 89' lang='lat' dir='ltr'>virtutis</span> <span class='ocrx_word' id='word_1_174' title='bbox 879 2243 1070 2379; x_wconf 64' lang='lat' dir='ltr'>exceptione,</span> <span class='ocrx_word' id='word_1_175' title='bbox 1102 2237 1160 2298; x_wconf 85' lang='lat' dir='ltr'>fine</span> <span class='ocrx_word' id='word_1_176' title='bbox 1179 2235 1231 2298; x_wconf 85' lang='lat' dir='ltr'>ulla</span> 
     </span>
     <span class='ocr_line' id='line_1_24' title="bbox 273 2315 1229 2406; baseline -0.001 -30"><span class='ocrx_word' id='word_1_177' title='bbox 273 2315 493 2406; x_wconf 70' lang='lat' dir='ltr'>ebnttoverha‚</span> <span class='ocrx_word' id='word_1_178' title='bbox 521 2321 654 2383; x_wconf 91' lang='lat' dir='ltr'>omnium</span> <span class='ocrx_word' id='word_1_179' title='bbox 677 2321 812 2383; x_wconf 89' lang='lat' dir='ltr'>omnibus</span> <span class='ocrx_word' id='word_1_180' title='bbox 833 2319 939 2390; x_wconf 86' lang='lat' dir='ltr'>conjun</span> <span class='ocrx_word' id='word_1_181' title='bbox 971 2318 1070 2379; x_wconf 76' lang='lat' dir='ltr'>illimis</span> <span class='ocrx_word' id='word_1_182' title='bbox 1091 2315 1229 2379; x_wconf 79' lang='lat' dir='ltr'>sententiis</span> 
     </span>
     <span class='ocr_line' id='line_1_25' title="bbox 273 2394 1228 2471; baseline -0.001 -15"><span class='ocrx_word' id='word_1_183' title='bbox 273 2405 303 2456; x_wconf 85' lang='lat' dir='ltr'>th</span> <span class='ocrx_word' id='word_1_184' title='bbox 325 2394 444 2459; x_wconf 82' lang='lat' dir='ltr'>Coelum</span> <span class='ocrx_word' id='word_1_185' title='bbox 466 2399 573 2471; x_wconf 76' lang='lat' dir='ltr'>fertur3</span> <span class='ocrx_word' id='word_1_186' title='bbox 596 2401 670 2462; x_wconf 89' lang='lat' dir='ltr'>nihil</span> <span class='ocrx_word' id='word_1_187' title='bbox 692 2418 793 2463; x_wconf 90' lang='lat' dir='ltr'>contra</span> <span class='ocrx_word' id='word_1_188' title='bbox 814 2399 862 2462; x_wconf 88' lang='lat' dir='ltr'>vel</span> <span class='ocrx_word' id='word_1_189' title='bbox 884 2398 999 2459; x_wconf 88' lang='lat' dir='ltr'>minimi</span> <span class='ocrx_word' id='word_1_190' title='bbox 1018 2397 1086 2460; x_wconf 84' lang='lat' dir='ltr'>vitii</span> <span class='ocrx_word' id='word_1_191' title='bbox 1104 2395 1228 2470; x_wconf 69' lang='lat' dir='ltr'>affertur,</span> 
     </span>
     <span class='ocr_line' id='line_1_26' title="bbox 274 2476 1228 2615; baseline 0.001 -80"><span class='ocrx_word' id='word_1_192' title='bbox 274 2476 356 2536; x_wconf 88' lang='lat' dir='ltr'>nullo</span> <span class='ocrx_word' id='word_1_193' title='bbox 378 2479 566 2615; x_wconf 62' lang='lat' dir='ltr'>tupitudinis</span> <span class='ocrx_word' id='word_1_194' title='bbox 587 2498 672 2542; x_wconf 77' lang='lat' dir='ltr'>navo</span> <span class='ocrx_word' id='word_1_195' title='bbox 693 2497 777 2542; x_wconf 86' lang='lat' dir='ltr'>tanta</span> <span class='ocrx_word' id='word_1_196' title='bbox 808 2477 973 2541; x_wconf 68' lang='lat' dir='ltr'>sandisltmi</span> <span class='ocrx_word' id='word_1_197' title='bbox 996 2478 1064 2539; x_wconf 92' lang='lat' dir='ltr'>Viri</span> <span class='ocrx_word' id='word_1_198' title='bbox 1085 2477 1228 2559; x_wconf 70' lang='lat' dir='ltr'>integriter</span> 
     </span>
     <span class='ocr_line' id='line_1_27' title="bbox 273 2555 1229 2640; baseline 0.002 -26"><span class='ocrx_word' id='word_1_199' title='bbox 273 2555 414 2634; x_wconf 80' lang='lat' dir='ltr'>aspersae</span> <span class='ocrx_word' id='word_1_200' title='bbox 446 2602 452 2615; x_wconf 88' lang='lat'><em>.</em></span> <span class='ocrx_word' id='word_1_201' title='bbox 474 2557 616 2633; x_wconf 79' lang='lat' dir='ltr'>Iuvenes,</span> <span class='ocrx_word' id='word_1_202' title='bbox 639 2559 732 2634; x_wconf 87' lang='lat' dir='ltr'>senes,</span> <span class='ocrx_word' id='word_1_203' title='bbox 755 2560 832 2634; x_wconf 86' lang='lat' dir='ltr'>viri,</span> <span class='ocrx_word' id='word_1_204' title='bbox 853 2557 999 2632; x_wconf 82' lang='lat' dir='ltr'>soeminae,</span> <span class='ocrx_word' id='word_1_205' title='bbox 1016 2572 1172 2640; x_wconf 85' lang='lat' dir='ltr'>pauperes,</span> <span class='ocrx_word' id='word_1_206' title='bbox 1194 2555 1229 2616; x_wconf 73' lang='lat' dir='ltr'>dl</span> 
     </span>
     <span class='ocr_line' id='line_1_28' title="bbox 271 2634 1228 2776; baseline 0.001 -82"><span class='ocrx_word' id='word_1_207' title='bbox 271 2634 364 2707; x_wconf 75' lang='lat' dir='ltr'>vires,</span> <span class='ocrx_word' id='word_1_208' title='bbox 385 2634 652 2776; x_wconf 68' lang='lat' dir='ltr'>Cives,dperegtini</span> <span class='ocrx_word' id='word_1_209' title='bbox 669 2658 749 2719; x_wconf 74' lang='lat' dir='ltr'>aque</span> <span class='ocrx_word' id='word_1_210' title='bbox 766 2639 850 2707; x_wconf 87' lang='lat' dir='ltr'>huius</span> <span class='ocrx_word' id='word_1_211' title='bbox 872 2639 1008 2699; x_wconf 80' lang='lat' dir='ltr'>laudandi</span> <span class='ocrx_word' id='word_1_212' title='bbox 1025 2638 1114 2699; x_wconf 85' lang='lat' dir='ltr'>finem</span> <span class='ocrx_word' id='word_1_213' title='bbox 1128 2635 1228 2697; x_wconf 81' lang='lat' dir='ltr'>sariunt</span> 
     </span>
     <span class='ocr_line' id='line_1_29' title="bbox 272 2711 1228 2801; baseline 0.003 -30"><span class='ocrx_word' id='word_1_214' title='bbox 272 2711 405 2801; x_wconf 86' lang='lat' dir='ltr'>nullum.</span> <span class='ocrx_word' id='word_1_215' title='bbox 426 2717 494 2787; x_wconf 91' lang='lat' dir='ltr'>Quo</span> <span class='ocrx_word' id='word_1_216' title='bbox 538 2736 608 2777; x_wconf 87' lang='lat' dir='ltr'>vero</span> <span class='ocrx_word' id='word_1_217' title='bbox 628 2717 664 2777; x_wconf 89' lang='lat' dir='ltr'>ad</span> <span class='ocrx_word' id='word_1_218' title='bbox 686 2719 837 2778; x_wconf 89' lang='lat' dir='ltr'>literarum</span> <span class='ocrx_word' id='word_1_219' title='bbox 860 2719 953 2780; x_wconf 90' lang='lat' dir='ltr'>sludia</span> <span class='ocrx_word' id='word_1_220' title='bbox 972 2720 1117 2800; x_wconf 80' lang='lat' dir='ltr'>pertinet,</span> <span class='ocrx_word' id='word_1_221' title='bbox 1141 2717 1187 2776; x_wconf 91' lang='lat' dir='ltr'>hic</span> <span class='ocrx_word' id='word_1_222' title='bbox 1201 2716 1228 2775; x_wconf 89' lang='lat' dir='ltr'>in</span> 
     </span>
     <span class='ocr_line' id='line_1_30' title="bbox 272 2791 1228 2880; baseline 0.008 -32"><span class='ocrx_word' id='word_1_223' title='bbox 272 2791 374 2871; x_wconf 81' lang='lat' dir='ltr'>ptlmrs</span> <span class='ocrx_word' id='word_1_224' title='bbox 403 2793 587 2872; x_wconf 87' lang='lat' dir='ltr'>politioribus</span> <span class='ocrx_word' id='word_1_225' title='bbox 618 2797 732 2871; x_wconf 89' lang='lat' dir='ltr'>literis,</span> <span class='ocrx_word' id='word_1_226' title='bbox 763 2818 836 2879; x_wconf 88' lang='lat' dir='ltr'>quas</span> <span class='ocrx_word' id='word_1_227' title='bbox 867 2799 1051 2860; x_wconf 87' lang='lat' dir='ltr'>humaniores</span> <span class='ocrx_word' id='word_1_228' title='bbox 1073 2796 1228 2880; x_wconf 88' lang='lat' dir='ltr'>appellant,</span> 
     </span>
     <span class='ocr_line' id='line_1_31' title="bbox 270 2868 1226 2958; baseline 0.005 -28"><span class='ocrx_word' id='word_1_229' title='bbox 270 2868 486 2950; x_wconf 67' lang='lat' dir='ltr'>delesiabatur‚</span> <span class='ocrx_word' id='word_1_230' title='bbox 506 2875 536 2934; x_wconf 93' lang='lat' dir='ltr'>in</span> <span class='ocrx_word' id='word_1_231' title='bbox 544 2890 671 2958; x_wconf 87' lang='lat' dir='ltr'>quorum</span> <span class='ocrx_word' id='word_1_232' title='bbox 681 2878 815 2938; x_wconf 89' lang='lat' dir='ltr'>omnium</span> <span class='ocrx_word' id='word_1_233' title='bbox 825 2875 964 2940; x_wconf 84' lang='lat' dir='ltr'>facultate</span> <span class='ocrx_word' id='word_1_234' title='bbox 984 2898 1052 2940; x_wconf 92' lang='lat' dir='ltr'>cum</span> <span class='ocrx_word' id='word_1_235' title='bbox 1075 2875 1226 2939; x_wconf 79' lang='lat' dir='ltr'>admodum</span> 
     </span>
     <span class='ocr_line' id='line_1_32' title="bbox 272 2949 1227 3040; baseline 0.008 -30"><span class='ocrx_word' id='word_1_236' title='bbox 272 2949 457 3029; x_wconf 83' lang='lat' dir='ltr'>versaretur,</span> <span class='ocrx_word' id='word_1_237' title='bbox 488 2957 664 3018; x_wconf 83' lang='lat' dir='ltr'>Oratoribus</span> <span class='ocrx_word' id='word_1_238' title='bbox 686 2973 810 3032; x_wconf 87' lang='lat' dir='ltr'>tamen,</span> <span class='ocrx_word' id='word_1_239' title='bbox 839 2980 872 3020; x_wconf 89' lang='lat' dir='ltr'>ac</span> <span class='ocrx_word' id='word_1_240' title='bbox 902 2960 998 3020; x_wconf 86' lang='lat' dir='ltr'>Poetis</span> <span class='ocrx_word' id='word_1_241' title='bbox 1018 2957 1227 3040; x_wconf 75' lang='lat' dir='ltr'>diligentiorem</span> 
     </span>
     <span class='ocr_line' id='line_1_33' title="bbox 270 3030 1226 3118; baseline 0.008 -29"><span class='ocrx_word' id='word_1_242' title='bbox 270 3046 387 3111; x_wconf 87' lang='lat' dir='ltr'>operam</span> <span class='ocrx_word' id='word_1_243' title='bbox 406 3030 503 3106; x_wconf 70' lang='lat' dir='ltr'>deditt</span> <span class='ocrx_word' id='word_1_244' title='bbox 524 3036 694 3118; x_wconf 88' lang='lat' dir='ltr'>inquorum</span> <span class='ocrx_word' id='word_1_245' title='bbox 716 3038 815 3099; x_wconf 83' lang='lat' dir='ltr'>alteris</span> <span class='ocrx_word' id='word_1_246' title='bbox 836 3039 980 3100; x_wconf 90' lang='lat' dir='ltr'>interdum</span> <span class='ocrx_word' id='word_1_247' title='bbox 997 3039 1088 3099; x_wconf 88' lang='lat' dir='ltr'>etiam</span> <span class='ocrx_word' id='word_1_248' title='bbox 1107 3038 1153 3098; x_wconf 80' lang='lat' dir='ltr'>ali·</span> <span class='ocrx_word' id='word_1_249' title='bbox 1169 3035 1226 3109; x_wconf 87' lang='lat' dir='ltr'>uid‚·&#39;</span> 
     </span>
     <span class='ocr_line' id='line_1_34' title="bbox 269 3111 1226 3198; baseline 0.004 -27"><span class='ocrx_word' id='word_1_250' title='bbox 269 3124 365 3195; x_wconf 81' lang='lat' dir='ltr'>neque</span> <span class='ocrx_word' id='word_1_251' title='bbox 373 3111 487 3174; x_wconf 87' lang='lat' dir='ltr'>sortasse</span> <span class='ocrx_word' id='word_1_252' title='bbox 495 3117 623 3196; x_wconf 83' lang='lat' dir='ltr'>ingrate,</span> <span class='ocrx_word' id='word_1_253' title='bbox 644 3116 724 3179; x_wconf 87' lang='lat' dir='ltr'>lufit.</span> <span class='ocrx_word' id='word_1_254' title='bbox 746 3118 853 3180; x_wconf 88' lang='lat' dir='ltr'>Valuit</span> <span class='ocrx_word' id='word_1_255' title='bbox 869 3120 948 3179; x_wconf 83' lang='lat' dir='ltr'>euim</span> <span class='ocrx_word' id='word_1_256' title='bbox 967 3118 1098 3179; x_wconf 88' lang='lat' dir='ltr'>multum</span> <span class='ocrx_word' id='word_1_257' title='bbox 1116 3118 1147 3178; x_wconf 88' lang='lat' dir='ltr'>in</span> <span class='ocrx_word' id='word_1_258' title='bbox 1189 3116 1226 3198; x_wconf 88' lang='lat' dir='ltr'>pi·</span> 
     </span>
     <span class='ocr_line' id='line_1_35' title="bbox 267 3193 1274 3330; baseline 0.006 -80"><span class='ocrx_word' id='word_1_259' title='bbox 267 3207 458 3330; x_wconf 63' lang='lat' dir='ltr'>pneumate,</span> <span class='ocrx_word' id='word_1_260' title='bbox 488 3193 534 3256; x_wconf 90' lang='lat' dir='ltr'>sed</span> <span class='ocrx_word' id='word_1_261' title='bbox 564 3196 651 3279; x_wconf 88' lang='lat' dir='ltr'>longe</span> <span class='ocrx_word' id='word_1_262' title='bbox 673 3199 768 3278; x_wconf 77' lang='lat' dir='ltr'>‘magis</span> <span class='ocrx_word' id='word_1_263' title='bbox 790 3201 820 3258; x_wconf 91' lang='lat' dir='ltr'>in</span> <span class='ocrx_word' id='word_1_264' title='bbox 844 3201 950 3279; x_wconf 90' lang='lat' dir='ltr'>Lyrico</span> <span class='ocrx_word' id='word_1_265' title='bbox 970 3199 1101 3260; x_wconf 85' lang='lat' dir='ltr'>carmine</span> <span class='ocrx_word' id='word_1_266' title='bbox 1123 3194 1227 3278; x_wconf 69' lang='lat' dir='ltr'>pracel·¹</span> <span class='ocrx_word' id='word_1_267' title='bbox 1273 3197 1274 3205; x_wconf 76' lang='grc'>’</span> 
     </span>
     <span class='ocr_line' id='line_1_36' title="bbox 280 3271 1228 3360; baseline 0.011 -31"><span class='ocrx_word' id='word_1_268' title='bbox 280 3286 340 3358; x_wconf 87' lang='lat' dir='ltr'>utt.</span> <span class='ocrx_word' id='word_1_269' title='bbox 365 3271 401 3330; x_wconf 92' lang='lat' dir='ltr'>In</span> <span class='ocrx_word' id='word_1_270' title='bbox 424 3274 522 3335; x_wconf 86' lang='lat' dir='ltr'>alteris</span> <span class='ocrx_word' id='word_1_271' title='bbox 543 3274 572 3336; x_wconf 92' lang='lat' dir='ltr'>id</span> <span class='ocrx_word' id='word_1_272' title='bbox 593 3296 665 3338; x_wconf 80' lang='lat' dir='ltr'>cura</span> <span class='ocrx_word' id='word_1_273' title='bbox 687 3278 838 3351; x_wconf 83' lang='lat' dir='ltr'>adhibuit,</span> <span class='ocrx_word' id='word_1_274' title='bbox 861 3296 895 3340; x_wconf 92' lang='lat' dir='ltr'>ut</span> <span class='ocrx_word' id='word_1_275' title='bbox 918 3279 1051 3360; x_wconf 85' lang='lat' dir='ltr'>linguam</span> <span class='ocrx_word' id='word_1_276' title='bbox 1074 3279 1155 3340; x_wconf 92' lang='lat' dir='ltr'>suam</span> <span class='ocrx_word' id='word_1_277' title='bbox 1172 3279 1228 3339; x_wconf 70' lang='lat' dir='ltr'>mal</span> 
     </span>
     <span class='ocr_line' id='line_1_37' title="bbox 267 3350 1230 3440; baseline 0.012 -33"><span class='ocrx_word' id='word_1_278' title='bbox 267 3364 312 3430; x_wconf 82' lang='lat' dir='ltr'>gis</span> <span class='ocrx_word' id='word_1_279' title='bbox 336 3350 558 3431; x_wconf 80' lang='lat' dir='ltr'>locupletiorem</span> <span class='ocrx_word' id='word_1_280' title='bbox 578 3357 733 3431; x_wconf 75' lang='lat' dir='ltr'>redderet,</span> <span class='ocrx_word' id='word_1_281' title='bbox 763 3376 852 3440; x_wconf 91' lang='lat' dir='ltr'>quam</span> <span class='ocrx_word' id='word_1_282' title='bbox 883 3360 1021 3420; x_wconf 86' lang='lat' dir='ltr'>Latinam</span> <span class='ocrx_word' id='word_1_283' title='bbox 1045 3359 1230 3440; x_wconf 74' lang='lat' dir='ltr'>perdisceret,-</span> 
     </span>
     <span class='ocr_line' id='line_1_38' title="bbox 266 3428 1230 3521; baseline 0.015 -35"><span class='ocrx_word' id='word_1_284' title='bbox 266 3428 379 3516; x_wconf 81' lang='lat' dir='ltr'>rametfi</span> <span class='ocrx_word' id='word_1_285' title='bbox 398 3450 493 3521; x_wconf 81' lang='lat' dir='ltr'>neque</span> <span class='ocrx_word' id='word_1_286' title='bbox 514 3434 544 3494; x_wconf 92' lang='lat' dir='ltr'>in</span> <span class='ocrx_word' id='word_1_287' title='bbox 564 3454 599 3497; x_wconf 89' lang='lat' dir='ltr'>ea</span> <span class='ocrx_word' id='word_1_288' title='bbox 642 3438 756 3512; x_wconf 85' lang='lat' dir='ltr'>torsus,</span> <span class='ocrx_word' id='word_1_289' title='bbox 786 3439 804 3498; x_wconf 88' lang='lat' dir='ltr'>st</span> <span class='ocrx_word' id='word_1_290' title='bbox 825 3439 944 3521; x_wconf 89' lang='lat' dir='ltr'>quando</span> <span class='ocrx_word' id='word_1_291' title='bbox 966 3436 1033 3500; x_wconf 83' lang='lat' dir='ltr'>usus</span> <span class='ocrx_word' id='word_1_292' title='bbox 1052 3440 1079 3499; x_wconf 89' lang='lat' dir='ltr'>ei</span> <span class='ocrx_word' id='word_1_293' title='bbox 1102 3440 1230 3512; x_wconf 75' lang='lat' dir='ltr'>veniret,</span> 
     </span>
     <span class='ocr_line' id='line_1_39' title="bbox 266 3506 1231 3601; baseline 0.012 -36"><span class='ocrx_word' id='word_1_294' title='bbox 266 3506 399 3597; x_wconf 77' lang='lat' dir='ltr'>scrrberet</span> <span class='ocrx_word' id='word_1_295' title='bbox 420 3513 578 3601; x_wconf 79' lang='lat' dir='ltr'>impolite.</span> <span class='ocrx_word' id='word_1_296' title='bbox 627 3517 661 3577; x_wconf 87' lang='lat' dir='ltr'>ed</span> <span class='ocrx_word' id='word_1_297' title='bbox 690 3518 846 3587; x_wconf 82' lang='lat' dir='ltr'>cum&#39;ejus</span> <span class='ocrx_word' id='word_1_298' title='bbox 875 3519 960 3579; x_wconf 91' lang='lat' dir='ltr'>lludii</span> <span class='ocrx_word' id='word_1_299' title='bbox 989 3517 1115 3580; x_wconf 76' lang='lat' dir='ltr'>facultas</span> <span class='ocrx_word' id='word_1_300' title='bbox 1137 3519 1231 3601; x_wconf 82' lang='lat' dir='ltr'>magis</span> 
     </span>
     <span class='ocr_line' id='line_1_40' title="bbox 266 3585 1225 3681; baseline 0.014 -36"><span class='ocrx_word' id='word_1_301' title='bbox 266 3585 322 3647; x_wconf 93' lang='lat' dir='ltr'>hoc</span> <span class='ocrx_word' id='word_1_302' title='bbox 341 3586 579 3681; x_wconf 69' lang='lat' dir='ltr'>dicendtgenus,</span> <span class='ocrx_word' id='word_1_303' title='bbox 600 3597 678 3678; x_wconf 89' lang='lat' dir='ltr'>quod</span> <span class='ocrx_word' id='word_1_304' title='bbox 699 3598 819 3678; x_wconf 82' lang='lat' dir='ltr'>vulgare</span> <span class='ocrx_word' id='word_1_305' title='bbox 836 3599 1000 3678; x_wconf 90' lang='lat' dir='ltr'>appellant,</span> <span class='ocrx_word' id='word_1_306' title='bbox 1023 3598 1096 3660; x_wconf 86' lang='lat' dir='ltr'>bene</span> <span class='ocrx_word' id='word_1_307' title='bbox 1117 3599 1225 3662; x_wconf 91' lang='lat' dir='ltr'>cultum</span> 
     </span>
     <span class='ocr_line' id='line_1_41' title="bbox 266 3665 1231 3762; baseline 0.012 -34"><span class='ocrx_word' id='word_1_308' title='bbox 266 3665 440 3759; x_wconf 80' lang='lat' dir='ltr'>postularet,</span> <span class='ocrx_word' id='word_1_309' title='bbox 463 3690 495 3760; x_wconf 82' lang='lat' dir='ltr'>m</span> <span class='ocrx_word' id='word_1_310' title='bbox 516 3674 571 3737; x_wconf 89' lang='lat' dir='ltr'>hoc</span> <span class='ocrx_word' id='word_1_311' title='bbox 587 3696 645 3738; x_wconf 91' lang='lat' dir='ltr'>uno</span> <span class='ocrx_word' id='word_1_312' title='bbox 660 3678 748 3758; x_wconf 87' lang='lat' dir='ltr'>longe</span> <span class='ocrx_word' id='word_1_313' title='bbox 764 3677 911 3739; x_wconf 77' lang='lat' dir='ltr'>studiosius</span> <span class='ocrx_word' id='word_1_314' title='bbox 933 3679 1098 3753; x_wconf 84' lang='lat' dir='ltr'>habitavit,</span> <span class='ocrx_word' id='word_1_315' title='bbox 1120 3683 1153 3739; x_wconf 88' lang='lat' dir='ltr'>in</span> <span class='ocrx_word' id='word_1_316' title='bbox 1169 3680 1231 3762; x_wconf 88' lang='lat' dir='ltr'>quo&#39;</span> 
     </span>
     <span class='ocr_line' id='line_1_42' title="bbox 262 3747 1232 3839; baseline 0.015 -35"><span class='ocrx_word' id='word_1_317' title='bbox 262 3761 368 3837; x_wconf 34' lang='lat' dir='ltr'>etta-m·</span> <span class='ocrx_word' id='word_1_318' title='bbox 383 3747 440 3809; x_wconf 76' lang='lat' dir='ltr'>siue</span> <span class='ocrx_word' id='word_1_319' title='bbox 461 3766 491 3811; x_wconf 84' lang='lat' dir='ltr'>tn</span> <span class='ocrx_word' id='word_1_320' title='bbox 512 3754 671 3839; x_wconf 84' lang='lat' dir='ltr'>pangendis</span> <span class='ocrx_word' id='word_1_321' title='bbox 693 3755 839 3833; x_wconf 83' lang='lat' dir='ltr'>uersibus,</span> <span class='ocrx_word' id='word_1_322' title='bbox 861 3759 918 3819; x_wconf 83' lang='lat' dir='ltr'>siue</span> <span class='ocrx_word' id='word_1_323' title='bbox 929 3759 1062 3821; x_wconf 85' lang='lat' dir='ltr'>insoluta</span> <span class='ocrx_word' id='word_1_324' title='bbox 1083 3760 1232 3821; x_wconf 67' lang='lat' dir='ltr'>Oratione*</span> 
     </span>
     <span class='ocr_line' id='line_1_43' title="bbox 259 3825 1233 3981; baseline 0.015 -96"><span class='ocrx_word' id='word_1_325' title='bbox 259 3825 489 3921; x_wconf 87' lang='lat' dir='ltr'>oonscrrbenda,</span> <span class='ocrx_word' id='word_1_326' title='bbox 516 3838 634 3918; x_wconf 81' lang='lat' dir='ltr'>egregie</span> <span class='ocrx_word' id='word_1_327' title='bbox 659 3837 818 3900; x_wconf 75' lang='lat' dir='ltr'>excelluit.</span> <span class='ocrx_word' id='word_1_328' title='bbox 848 3836 961 3902; x_wconf 80' lang='lat' dir='ltr'>Extant</span> <span class='ocrx_word' id='word_1_329' title='bbox 982 3841 1042 3912; x_wconf 87' lang='lat' dir='ltr'>ejus</span> <span class='ocrx_word' id='word_1_330' title='bbox 1062 3828 1233 3981; x_wconf 72' lang='lat' dir='ltr'>corpplures&#39;</span> 
     </span>
     <span class='ocr_line' id='line_1_44' title="bbox 1142 3941 1191 3982; baseline -0.041 0"><span class='ocrx_word' id='word_1_331' title='bbox 1142 3941 1191 3982; x_wconf 86' lang='lat' dir='ltr'>en·</span> 
     </span>
    </p>
   </div>
   <div class='ocr_carea' id='block_1_4' title="bbox 0 0 1504 4559">
    <p class='ocr_par' dir='ltr' id='par_1_5' title="bbox 0 0 1504 4559">
     <span class='ocr_line' id='line_1_45' title="bbox 0 0 1504 4559; baseline 0 8"><span class='ocrx_word' id='word_1_332' title='bbox 0 0 1504 4559; x_wconf 95' lang='lat' dir='ltr'> </span> 
     </span>
    </p>
   </div>
  </div>
 </body>
</html>
