3000 4559
575 479 602 539 Ε
619 479 647 540 Ρ
668 481 684 538 l
703 480 725 540 5
743 481 774 541 T
795 480 822 538 0
842 479 868 538 L
888 480 935 541 A.
1142 502 1156 545 1
1183 497 1202 562 5

266 553 305 617 ud
350 553 476 629 cassem,
496 555 612 619 nullum
633 578 798 640 cognomen
819 557 1000 633 habuissent,
1018 561 1100 623 suum
1124 499 1178 641 ipsi
1193 583 1242 625 re·

261 636 333 697 ‚tine
372 649 429 709 nt,
451 651 483 698 ut
506 637 536 697 in
556 637 595 698 T.
617 638 781 718 Pomponio
802 637 931 712 Attico,
951 638 1004 720 qui
1024 661 1043 699 a
1061 642 1099 714 Q.
1115 640 1234 704 Caecilio

267 715 452 794 adoptatus,
474 714 590 779 Atticus
612 717 723 798 semper
739 718 963 799 oognominatus
983 716 1022 779 est
1043 740 1052 789 3
1081 720 1152 800 quia
1170 721 1235 782 Ca·

267 794 331 856 cilii
352 792 494 875 nusquam
523 814 686 876 cognomen
707 797 840 880 legitur,
869 799 925 862 hoc
947 798 1061 871 modo,
1090 800 1133 880 Q.
1149 801 1234 859 ceci·

267 873 345 947 sius,
368 875 411 956 ‚Q
429 876 461 934 F.
478 875 643 954 Pomponius
656 879 788 939 Atticus.
805 878 867 955 Qui
888 898 958 940 vero
973 899 1033 939 non
1053 877 1238 952 habuissent,

263 953 452 1034 adoptatoris
472 953 678 1036 occupabant,
700 973 734 1020 ut
752 957 896 1020 Ostavius
913 1002 924 1032 ,
943 959 995 1040 qui
1015 978 1034 1020 a
1053 956 1167 1019 Caesare
1185 959 1236 1020 ad-

263 1037 408 1127 optatus,
429 1033 527 1125 postea
545 1034 688 1099 estdtuus
708 1037 1012 1100 CaesarOstovianus.
1034 1036 1190 1119 Nusquam
1207 1057 1236 1101 c·

264 1112 550 1177 nim-ouantium
569 1136 604 1178 co
626 1136 731 1179 nomen
752 1119 881 1198 reperio.
901 1117 1042 1180 Idunum
1064 1118 1174 1178 mitum
1189 1117 1237 1178 vi·

264 1193 334 1265 deri
353 1192 474 1274 potest,
500 1195 581 1277 quod
602 1137 705 1260 ilorus
737 1218 789 1278 pro
810 1198 986 1278 pronomine
1006 1217 1170 1279 cognomen
1191 1197 1236 1261 di-

266 1272 342 1348 xit,
362 1292 431 1335 cum
452 1273 496 1336 ait
514 1294 523 1346 ;
543 1298 577 1336 ne
589 1277 636 1338 cui
651 1279 687 1340 de
700 1278 818 1339 Manlia
830 1296 910 1358 gente
926 1281 1023 1339 Marco
1039 1299 1184 1357 cognomen
1195 1277 1239 1353 es-

265 1353 336 1432 see,
360 1351 408 1414 ubi
431 1354 513 1415 vides
534 1359 631 1419 Marco
651 1402 660 1431 ,
679 1357 759 1440 quod
780 1356 888 1437 semper
910 1377 1073 1437 pranomen
1093 1356 1160 1430 est,
1202 1377 1236 1417 ro

267 1433 447 1513 cognomine
468 1454 486 1495 a
506 1436 598 1501 Lucio
621 1436 764 1517 usurpari.
789 1441 886 1514 Quam
910 1456 971 1498 rem
994 1453 1092 1498 tamen
1112 1457 1166 1497 ean
1187 1456 1236 1497 em

267 1511 376 1575 Livius
405 1513 499 1594 magis
529 1515 640 1595 proprie
659 1517 750 1579 dixit.
779 1516 826 1579 Sic
846 1516 926 1579 enim
955 1516 1028 1577 ait:
1056 1517 1130 1595 quod
1143 1517 1234 1596 gemis

266 1590 391 1659 Manli«
413 1594 516 1654 decreto
537 1613 649 1655 cautum
666 1597 730 1671 est,
750 1620 786 1658 ne
806 1598 869 1676 quis
886 1594 987 1658 deinde
1012 1598 1126 1657 Marcus
1145 1599 1234 1655 Mate·

269 1670 328 1730 lius
352 1691 510 1734 vocaretur.
539 1675 689 1738 Hactenus
710 1677 746 1739 de
774 1677 965 1758 cognomine.
994 1676 1121 1749 Restat,
1143 1691 1177 1735 ut
1196 1674 1234 1736 de

271 1751 418 1826 nomine,
440 1755 521 1825 cujus
541 1754 634 1819 caussa
653 1757 776 1819 caussam
796 1757 872 1817 hanc
892 1754 1085 1836 suscepimus,
1103 1753 1233 1835 pluribus

270 1848 392 1911 agatur.
412 1832 479 1894 Hoc
501 1850 600 1897 autem
615 1855 681 1898 cum
704 1856 749 1897 rec
771 1855 874 1898 omnes
894 1852 1059 1910 notentur,
1078 1835 1164 1896 deco
1180 1853 1234 1894 noc

268 1928 349 1973 nunc
371 1926 486 1974 tantum
516 1916 655 1997 agimus,
685 1936 747 1998 quo
767 1917 901 1978 Familia
927 1916 1108 1978 indicantur.
1128 1913 1235 1976 Conti-

268 2010 334 2052 nuo
353 1989 444 2071 igitur
465 1993 521 2055 hoc
544 1996 641 2069 scito,
665 1997 799 2076 Princeps
816 2039 827 2071 ,
846 2016 955 2057 nomen
971 2041 981 2070 ,
1000 1996 1080 2076 quod
1100 2015 1166 2055 vere
1182 2013 1238 2054 no-

271 2088 341 2132 men
370 2070 410 2133 est
430 2073 506 2152 apud
530 2075 651 2137 Latinos
674 2118 683 2149 ,
712 2094 816 2137 vocem
837 2074 917 2137 suam
939 2076 969 2134 in
988 2075 1033 2133 ius
1056 2075 1210 2136 terminare
1226 2116 1241 2147 ,

268 2164 306 2213 ut
322 2151 527 2232 Sempronium
544 2152 670 2226 Fabius,
688 2153 1053 2228 PoslhumiuS,Valerius,
1072 2152 1234 2230 Sulpitius,

269 2228 1237 2318 purius,Potens,Julius‚00rne1ius,l>omp0nius,Menneuque·

267 2307 341 2380 dam
360 2327 459 2371 tamen
475 2310 507 2369 in
522 2313 583 2386 ejus
600 2311 809 2383 terminantur,
833 2326 866 2370 ut
882 2311 954 2370 Pom
976 2309 1059 2381 ejus,
1079 2306 1236 2381 Cocceius,

274 2387 444 2461 Vulteius,
462 2389 612 2462 Luceius,
635 2391 790 2463 Anneius,
811 2388 891 2456 Seius
907 2431 917 2461 ,
970 2385 1029 2456 eius
1047 2430 1056 2460 ,
1076 2386 1237 2476 &reliqua

269 2467 433 2529 nonnulla.
447 2467 549 2531 Solum
558 2483 655 2531 autem
665 2488 771 2530 nomen
781 2465 900 2548 primo[
908 2482 941 2529 ut
950 2467 992 2527 ita
1000 2463 1116 2546 dicam]
1126 2482 1234 2556 gemtae

270 2545 484 2625 sequebantur.
503 2550 583 2611 Num
605 2563 639 2610 ut
659 2548 849 2629 primogeniti
869 2562 984 2610 tantum
1007 2545 1040 2606 in
1057 2560 1151 2636 partis
1168 2564 1241 2626 prce-

269 2625 406 2688 nominis
425 2626 620 2707 pollesbonem
642 2629 823 2699 veniebant;
843 2627 880 2689 fic
902 2628 1101 2707 primogenita
1122 2624 1236 2709 generis

272 2725 383 2769 nomen
405 2707 466 2778 jure
487 2711 603 2850 ogtimo
625 2708 828 2791 possidebant.
849 2706 932 2769 Hinc
953 2705 1143 2787 Pomponia,
1163 2703 1235 2766 Clo·

272 2785 341 2859 dia,
362 2786 480 2860 Tullia,
528 2790 657 2864 omelia,
679 2788 871 2870 Sempronia,
892 2786 1015 2860 Juliade
1036 2783 1238 2847 Familiissuie

274 2863 343 2923 sunt
364 2866 538 2943 appellatae3
569 2869 687 2951 reliquis
707 2891 779 2932 vero
800 2866 915 2931 filiabus
937 2866 1004 2928 aliis
1034 2866 1093 2926 alia
1113 2865 1241 2927 nomina

271 2941 470 3018 addebantur,
489 2961 543 3020 ut,
563 2949 668 3022 tertia,
686 2965 811 3030 quarta,
828 2947 953 3028 quintet
975 2961 1008 3007 ut
1017 2946 1133 3021 Quinta
1146 2944 1237 3007 Clau·

272 3022 340 3083 dia.
363 3022 447 3084 Unde
467 3023 588 3105 quidam
608 3043 715 3106 putant
733 3027 879 3101 Quintam
902 3045 1067 3106 ptaenomen
1087 3025 1115 3085 ei
1136 3021 1236 3094 suilla,

271 3119 378 3171 contra
397 3122 489 3183 quam
508 3121 596 3166 vetut
615 3104 793 3166 consuetudo
811 3103 885 3165 sert.
907 3103 1056 3169 scribendi
1076 3118 1237 3162 autemno-

271 3182 362 3244 minis
388 3182 463 3244 ratio
483 3203 517 3245 ea
539 3183 597 3258 cll,
619 3199 652 3245 ut
669 3183 804 3244 omnibus
825 3181 983 3243 suisliteris
1005 3179 1160 3252 scribatur,
1179 3179 1235 3240 hoc
1326 3217 1328 3221 -

271 3262 379 3325 modo:
403 3262 669 3342 Tulliur,Jnlr'us,
690 3262 853 3332 cornelium
874 3259 1122 3344 quemadmodum
1139 3259 1171 3320 ἃ
1185 3278 1237 3320 co-

269 3361 419 3423 gnomen,
440 3361 542 3405 contra
556 3362 653 3426 quam
672 3341 889 3422 inpranomine
908 3339 972 3401 steti
991 3341 1082 3429 paulo
1098 3355 1167 3400 ante
1182 3337 1235 3399 do-

269 3420 405 3485 cebamus
424 3446 433 3493 ς
459 3423 539 3504 quod
561 3442 714 3505 nunquam
735 3422 848 3502 integre
867 3418 1079 3504 perscribitur.
1111 3421 1235 3481 Nomen

269 3501 362 3565 etiam
391 3504 535 3567 interdum
565 3524 625 3564 non
645 3502 872 3584 apponebatur,
898 3499 943 3561 sod
966 3499 1168 3582 praenomine,
1197 3498 1232 3560 dt

270 3584 449 3662 cognomine
471 3599 587 3646 rantum
608 3582 667 3644 Vir
685 3581 913 3663 significabatur,
935 3596 969 3642 ur
984 3581 1015 3640 in
1032 3580 1062 3641 P.
1079 3581 1178 3672 Sylla,
1198 3578 1234 3639 P.

274 3663 422 3737 Lentulo,
443 3665 475 3728 L.
492 3663 642 3739 Catilina,
665 3663 710 3724 M.
726 3664 867 3736 Catone,
888 3660 920 3722 br
935 3660 1035 3723 multis
1057 3662 1124 3722 aliis
1141 3704 1150 3720 .
1169 3657 1233 3735 Qui

273 3763 347 3807 vero
355 3742 487 3806 Ciuitate
507 3743 686 3817 donabatur,
708 3743 788 3814 cujus
810 3740 949 3803 beneficio
970 3740 999 3801 in
1011 3739 1237 3802 Civitatemve·
1255 3808 1262 3825 ι

273 3825 379 3900 nisset,
400 3823 464 3895 ejus
483 3813 606 3887 nomine*
621 3824 712 3887 etiarn
731 3821 914 3895 donabatru3
937 3837 970 3885 ur
985 3821 1155 3885 Demetrius
1168 3814 1237 3876 Me·

1155 3912 1347 4058 ⁸⁴?
