3000 4559
514 442 964 539 souiriovas
1123 499 1234 557 ew-

257 569 337 620 ·titm
350 553 539 638 publicarum
561 558 664 619 divino
684 555 929 621 fundamentoin
958 556 1117 637 Republica
1146 561 1239 623 admi·

258 636 416 700 ¹tiisttauda
437 636 471 698 sit
492 637 586 710 usus,
607 638 666 706 ejus
688 638 822 716 praeclara
839 682 848 711 ,
867 648 956 718 'atque
978 637 1124 707 justissima
1145 642 1239 703 decla*

256 729 338 780 taut
361 716 512 779 Instituta.
534 717 667 778 Primum
687 737 756 778 iiam
779 737 814 777 ue
837 737 903 778 cum
929 717 1043 777 suarum
1060 718 1180 800 quisque
1197 741 1238 781 re-

255 808 339 858 ·tum
362 795 521 878 tranquilla
543 794 647 857 fruitur
668 797 742 876 posse
767 816 862 867 rone;
891 796 971 857 nulla
993 816 1119 878 iramque
1139 800 1238 861 vicino

268 875 392 961 pauperi
413 897 431 937 a
451 878 613 965 potentiore
637 878 734 938 vicino
756 878 801 936 vis
823 875 963 951 affertur,
985 878 1015 937 in
1037 876 1087 938 suo
1108 877 1157 939 ille
1179 878 1239 957 pla·

267 953 337 1018 cide
358 955 561 1037 conquiescit3
591 956 639 1017 hic
668 957 796 1016 alienum
827 956 996 1018 insolentius
1017 978 1076 1018 non
1097 971 1238 1038 occupat,

259 1032 377 1097 -vter'nde
398 1054 465 1097 cum
486 1035 717 1116 longissimorum
728 1034 925 1097 subselliorum
947 1037 1136 1108 judicationes
1157 1037 1193 1098 ad
1202 1056 1239 1098 κ·
1333 1038 1335 1047 '

259 1112 402 1197 'quissimi
424 1117 580 1197 temporis,
601 1136 691 1197 quarn
712 1116 793 1178 Galli
815 1115 866 1196 ipsi
897 1139 1007 1197 magnos
1035 1118 1095 1176 dies
1111 1133 1237 1191 vocant,

268 1194 417 1256 rationem
448 1214 588 1258 revocatae
616 1195 707 1266 surit;
736 1195 880 1276 postremo
909 1217 978 1257 vero
1005 1197 1109 1278 cuique
1132 1196 1236 1257 infimo

269 1273 455 1337 homunculo
484 1276 618 1359 quemvis
647 1275 808 1356 Principem
836 1276 942 1336 Civem
974 1276 1004 1335 iti
1034 1276 1082 1346 Jus
1106 1292 1171 1337 tuto
1191 1298 1237 1338 co·

260 1373 339 1436 gere
361 1353 456 1428 licet,
486 1377 518 1417 ac
547 1376 583 1416 tie
600 1355 692 1416 ullum
715 1355 845 1436 potentia
866 1355 897 1414 in
918 1355 1061 1426 Judicium
1083 1354 1237 1435 sequatur,

272 1431 425 1515 provisum
446 1434 508 1494 est.
539 1436 603 1496 Hac
624 1454 749 1525 namque
779 1456 838 1496 una
858 1454 893 1496 ex
914 1433 1032 1504 Iudiciis
1054 1432 1165 1495 sublata
1187 1455 1239 1516 po-

268 1514 382 1588 tentia,
404 1512 435 1573 ἃ
455 1515 564 1596 aequius
587 1516 617 1576 in
639 1514 818 1576 Civitatibus
839 1514 967 1587 vivitur,
987 1513 1018 1573 ἃ
1038 1529 1173 1575 amantur
1194 1515 1238 1575 iti·

272 1604 318 1654 tet
337 1592 365 1655 se
386 1593 477 1654 etiam
510 1596 643 1655 homines
666 1593 789 1655 verius.
820 1593 905 1654 Fides
935 1593 1068 1654 omnium
1092 1596 1236 1655 virtutum
1269 1616 1272 1629 ·

269 1687 367 1734 mater
386 1672 442 1749 est,
463 1675 581 1756 quando
602 1674 734 1749 justitiae,
756 1694 820 1755 quae
840 1693 940 1735 omnes
965 1674 1087 1734 virtutes
1109 1673 1236 1752 comple·

263 1750 390 1827 mitur,
415 1754 514 1815 eadem
544 1755 583 1816 est
613 1753 859 1816 fundamentum.
890 1753 926 1814 lii
958 1753 1013 1814 hac
1034 1772 1091 1815 una
1112 1752 1235 1816 fideliter

264 1831 453 1912 ptaestatida,
485 1852 573 1918 atque
603 1833 773 1895 sansiislime
801 1833 963 1908 servanda,
991 1832 1083 1894 nolite
1113 1849 1233 1914 putare,

272 1930 451 2001 quemquam
472 1934 615 1998 umquam
645 1913 724 1976 suisle
754 1931 806 1976 aut
826 1914 1074 1987 constantiorem,
1104 1931 1155 1974 aut
1175 1933 1235 1974 cer·

263 2004 402 2053 ¹tiotem.
432 1997 476 2055 Ac
499 2016 534 2055 ne
556 1996 672 2056 minuta
690 1995 821 2076 quaedam
845 1995 875 2054 in
897 1995 1028 2058 oratione
1057 2012 1121 2053 mea
1141 1993 1234 2054 incul-

268 2090 352 2148 cem,
370 2070 405 2134 de
419 2072 558 2150 publicis,
576 2074 664 2154 idque
681 2092 771 2209 (iilam
788 2069 981 2152 paucissimis,
997 2088 1111 2132 tantum
1129 2092 1232 2151 agam.

270 2148 332 2212 Hic
352 2171 419 2213 cum
440 2152 622 2213 multatum
651 2152 689 2211 ho
715 2172 730 2209 e
758 2148 866 2210 foedera
888 2149 1019 2223 fecisset,
1048 2170 1114 2212 cum
1138 2151 1234 2211 amico

270 2228 371 2310 sepius
392 2230 538 2305 coivisset,
570 2232 654 2301 huius
676 2229 769 2289 caussa
789 2230 904 2290 nullum
926 2226 1019 2289 soedus
1041 2243 1233 2301 renovatum,

272 2326 311 2370 tie
331 2309 427 2370 dicam
448 2309 590 2383 statium,
611 2327 754 2388 umquam
776 2308 832 2381 est,
852 2322 903 2368 aut
923 2306 1031 2385 lelium
1050 2348 1059 2379 ,
1080 2320 1131 2366 aut
1152 2305 1235 2369 audi·

265 2402 354 2451 ·tum.
376 2390 481 2469 Neque
504 2389 644 2448 memoria
667 2389 697 2449 iri
729 2406 788 2447 utro
809 2387 938 2447 homine'
957 2403 1057 2464 parum
1086 2404 1234 2449 commeri-

266 2466 369 2529 danda
387 2467 446 2536 est;
469 2467 608 2558 siquidem
628 2486 663 2528 ea
683 2466 794 2546 ingenii
816 2465 891 2526 resle
911 2464 1075 2527 Thesaurus
1097 2464 1232 2526 babetur.

270 2547 355 2608 Nam
387 2546 528 2629 quidquid
557 2547 630 2609 illud
669 2546 847 2619 adinvenit,
884 2545 1029 2628 quidquid
1057 2545 1233 2626 excogitat,

270 2624 340 2711 quid
363 2626 413 2688 uid
435 2644 527 2702 notat,
538 2627 567 2688 id
590 2626 625 2689 ad
646 2626 729 2689 suum
752 2643 865 2707 tempus
882 2626 912 2687 in
929 2645 963 2685 ea
980 2624 1122 2699 collocat,
1143 2641 1231 2706 atque

270 2646 404 2769 custoiiit.
427 2706 462 2768 lii
485 2708 539 2769 hoc
562 2723 661 2783 tanto,
684 2722 804 2788 tamque
821 2727 885 2767 raro
901 2706 979 2768 bono
997 2705 1040 2768 ita
1055 2709 1120 2769 Rex
1138 2703 1229 2766 Fian-

269 2783 355 2848 ciscut
374 2787 535 2860 excelluit,
567 2803 600 2850 ut
621 2808 688 2850 cum
707 2788 742 2849 C.
765 2788 779 2859 J
784 2787 845 2848 ulio
865 2786 1000 2860 Caesare,
1022 2805 1091 2847 cum
1113 2785 1147 2846 L.
1167 2785 1229 2845 Sei-

271 2865 372 2944 piooe,
390 2886 459 2945 eum
482 2868 586 2946 Cyro,
608 2888 675 2930 cum
698 2867 887 2941 Mithridate,
907 2865 938 2927 u
958 2866 1076 2938 caeteris,
1096 2865 1148 2953 qui
1170 2883 1229 2925 me·

270 2945 363 3007 moria
376 2947 581 3026 praesliterurit,
605 2947 688 3008 facile
705 2947 739 3008 sit
756 2945 1006 3008 annumerandus.
1040 2943 1127 3005 Nihil
1146 2963 1229 3004 nam·

271 3042 324 3115 que
344 3024 392 3087 hic
413 3026 560 3096 audierat,
580 3026 655 3087 nihil
678 3025 805 3116 legerat,
826 3025 903 3086 nihil
924 3023 1054 3096 viderat,
1074 3021 1152 3102 quod
1168 3041 1229 3082 non

271 3118 312 3165 ita
333 3102 457 3166 fideliter
479 3104 690 3177 recordaretur,
710 3122 809 3184 itaque
831 3102 1000 3164 memoriter
1020 3121 1049 3161 te
1086 3113 1174 3172 teret,
1196 3114 1230 3162 ut

273 3180 292 3243 fi
312 3183 342 3245 id
364 3200 432 3247 ante
453 3185 551 3245 oculos
573 3182 751 3263 propositum
773 3181 909 3256 haberet,
932 3195 1019 3260 atque
1059 3198 1075 3238 e
1095 3176 1170 3238 libro
1187 3199 1231 3240 re·

269 3261 385 3326 citaret.
406 3264 495 3326 Nihil
514 3263 596 3338 dico,
616 3261 695 3344 quod
717 3262 764 3323 hic
784 3260 918 3322 omnibus
938 3256 997 3319 fere
1013 3256 1135 3337 Linguis
1153 3258 1235 3321 resle,

272 3340 459 3424 loqueretur;
490 3360 625 3433 praetereo
653 3341 779 3402 minima
805 3338 938 3431 quaedam
960 3335 1119 3399 multorum
1138 3357 1229 3400 antio·

271 3439 353 3497 ttim,
370 3443 433 3505 quae
451 3444 485 3485 eir
501 3443 560 3493 eius
577 3422 677 3484 animo
693 3441 753 3483 non
768 3419 949 3488 exciderant;
971 3415 1057 3505 Orbis
1079 3416 1228 3482 universus

269 3513 348 3563 tetta
377 3521 503 3583 quantus
525 3503 576 3578 fit,
613 3521 761 3583 quamque
789 3498 965 3579 multiplices
987 3516 1047 3566 eius
1067 3513 1160 3578 partes
1180 3499 1235 3560 de.

270 3579 446 3655 scribantur,
491 3603 557 3643 uam
578 3580 714 3662 gentibus
736 3579 880 3651 divertas,
900 3577 1017 3652 iinoua,
1037 3576 1164 3645 moribus
1182 3579 1226 3638 in·

269 3602 528 3735 ffituris,riru,iici
550 3663 602 3723 vix
624 3661 725 3741 posset.
746 3660 806 3721 Hic
822 3660 885 3719 Rex
902 3625 993 3722 nodet
1003 3656 1038 3720 de
1055 3673 1119 3722 toto
1128 3656 1228 3731 Orbe,

269 3740 358 3802 aede
379 3741 439 3808 ejus
461 3742 587 3818 parribus
608 3739 742 3802 omnibus
771 3759 831 3801 non
860 3736 956 3799 minus
985 3736 1107 3807 fideliter
1127 3737 1231 3817 loque·-

265 3816 369 3898 batur,
389 3839 479 3907 quant
501 3821 552 3905 qui
581 3840 640 3887 nou
660 3819 753 3885 solutu
774 3839 840 3883 eum
862 3835 959 3884 totum
981 3815 1157 3899 pervafisset,
1179 3810 1230 3883 sed

1133 3892 1273 3975 vi,
