3000 4559
348 466 451 567 ,κε’
502 450 545 495 “⁹''
607 458 1052 560 nAnruonx'nroou
1155 464 1162 495 ·-
1211 464 1260 563 '.

347 545 1308 722 Ξῧῗιῗῐῑιῃῗὶοῗῐῐιῇῗιευιῗιῖυὲὲεἰάξῗῃέιῖῗθῖιὲωιηάὶῖἶὶῗιίἔὲἳξῗιῗυζ

350 711 525 794 prandium:
549 711 639 772 altum
662 712 723 771 alro
744 731 776 771 m
800 709 863 771 loco
885 704 1022 770 offendrs:
1039 727 1116 798 'quos
1135 724 1306 797 omnestuo·

349 792 610 930 runscriprorum
626 834 636 866 ‚
655 791 710 853 hoc
730 788 797 865 est,
819 806 934 852 tuarum
957 793 1132 879 ineptiarurn
1154 787 1305 848 uolununi·

346 870 402 934 bus
422 892 492 954 Jugu
506 891 562 933 as..
583 872 654 932 Non
676 870 788 952 possunt
809 870 864 933 hoc
885 872 950 932 loco
972 883 1150 930 nominatim
1173 884 1232 929 non
1246 888 1306 949 pro·

347 948 438 1028 serre,
481 972 518 1012 uo
535 967 636 1013 caetera
657 968 708 1013 tua
729 951 825 1031 magis
845 950 1013 1024 credantur,
1036 968 1129 1010 unum
1153 945 1255 1009 horum
1273 946 1305 1008 fi·-

347 1031 420 1094 mile
436 1077 444 1091 .
459 972 611 1107 (baletus,
634 1031 725 1093 homo
750 1028 876 1092 Praefeeri
898 1028 966 1090 Viri
986 1074 996 1105 ,
1016 1049 1083 1090 curn
1106 1026 1305 1103 dociisltmus,

347 1127 413 1173 tunt
434 1110 524 1172 etiarn
546 1111 604 1172 Vir
624 1110 853 1187 elegantissimus
887 1113 923 1172 ad
945 1108 1032 1170 foruli
1053 1109 1143 1171 scalas
1164 1128 1232 1170 cunt
1250 1107 1306 1191 qui·

348 1190 469 1254 busdam
492 1191 558 1252 aliis
579 1191 764 1254 nobilisstmis
795 1191 877 1253 Viris
898 1189 1101 1271 Bivilaquium
1126 1188 1210 1261 suurn
1231 1208 1304 1269 expe·

351 1270 468 1347 diabat,
488 1271 565 1352 apud
586 1293 675 1355 quem
698 1272 852 1353 pransurus
872 1287 934 1333 erat
957 1291 976 1329 :·
988 1271 1012 1330 is
1033 1288 1104 1332 vero
1124 1288 1191 1331 curn
1208 1268 1305 1329 Feran·

349 1366 382 1412 to
404 1351 529 1414 Trociio
552 1352 741 1445 loquebatur.
761 1352 851 1414 Hunc
872 1352 964 1413 illeut
981 1350 1069 1431 longe
1089 1348 1249 1431 speculatus
1258 1348 1303 1425 cll,

348 1430 386 1492 ad
406 1452 475 1495 eum
496 1449 619 1496 accurrtt
636 1453 643 1494 :
661 1448 742 1494 retro
762 1432 869 1495 lacinia
888 1430 1079 1513 apprehendit
1102 1449 1111 1504 3
1133 1429 1171 1491 ab
1191 1429 1254 1492 aliis
1273 1427 1303 1487 s-

348 1512 456 1574 ducit.
477 1512 608 1590 Habeo,
632 1514 758 1596 inquit,
789 1513 946 1575 Amatildae
968 1511 1089 1592 Regino
1110 1510 1301 1591 particulam,

348 1610 411 1654 rem
428 1593 535 1654 miram
555 1638 564 1667 ,
584 1614 673 1676 quam
695 1593 749 1656 tibi
772 1594 894 1676 legam:
916 1611 1005 1676 quam
1028 1593 1141 1653 interea
1161 1589 1299 1672 explicat.

350 1670 407 1733 Ille
427 1694 516 1745 vcr03
537 1673 607 1750 hui,
629 1676 660 1735 in
682 1673 744 1735 foro
765 1673 843 1735 haec?
866 1671 971 1747 Nihil,
992 1672 1024 1732 in
1048 1670 1113 1749 uit,
1133 1671 1235 1732 refert.
1253 1667 1297 1728 lli·

351 1751 402 1827 hi,
424 1751 520 1814 subdit
542 1752 613 1829 ille,
635 1774 670 1815 ne
691 1755 788 1815 otium
805 1753 846 1815 est
863 1772 930 1815 cum
948 1752 1007 1812 illis
1046 1751 1095 1810 iris
1113 1749 1295 1822 hodie.Crtt,

346 1830 437 1906 alias,
460 1850 579 1912 operam
594 1831 649 1893 tibi
665 1774 740 1894 dabo
754 1833 803 1896 vel
822 1831 1036 1915 longissimam.
1056 1830 1142 1892 Alias
1159 1829 1250 1905 aliud,
1263 1827 1297 1888 in-
1325 1878 1335 1883 ..

347 1910 414 1991 quit
429 1908 503 1985 iste,
523 1911 580 1973 hoc
596 1932 674 1974 nunc
689 1914 777 1974 audi.
801 1912 930 1992 Incipit,
953 1912 1036 1974 audit
1052 1910 1103 1971 ille
1124 1910 1212 1973 miser
1227 1930 1234 1970 :
1250 1926 1296 1968 cre·
1340 1958 1343 1970 ,

348 1987 402 2051 bro
418 1988 500 2050 hiat:
522 1990 649 2054 crebrius
668 1993 757 2055 etiam
774 1991 904 2074 despuit:
929 2008 1080 2075 torquetur
1102 1992 1229 2053 acriter.
1247 1987 1294 2047 Vir
1339 2011 1343 2052 t

348 2066 441 2153 finem
460 2067 530 2133 facit
550 2071 680 2134 dicendi.
702 2073 819 2136 Laudat
840 2071 961 2135 Faletus
983 2090 1063 2146 rem,
1104 2089 1237 2163 ropertus
1249 2066 1295 2129 abi·
1335 2093 1342 2154 q

347 2166 402 2210 re.
431 2149 499 2212 Hoc
517 2151 608 2213 etiam
630 2152 776 2237 reliquum
798 2154 863 2230 cst,
884 2153 988 2214 addit.
1019 2092 1198 2233 Epidolrurn
1219 2144 1295 2211 ettad
1328 2168 1341 2233 q

348 2229 515 2305 Feretum,
539 2230 717 2315 Episcopum
735 2232 1039 2297 Reuerendiffimutn.
1061 2233 1147 2293 Tum
1168 2229 1294 2303 Falettu,
1332 2240 1343 2292 u

348 2309 548 2373 mediusfidius
571 2313 646 2374 mihi
670 2335 712 2375 res
736 2334 845 2396 magna
867 2314 906 2375 est
927 2332 993 2375 curn
1015 2312 1190 2394 llivi'aquio
1210 2326 1294 2380 zore,
1330 2328 1343 2370 rt

348 2388 434 2465 vide,
455 2390 517 2452 illic
539 2393 589 2454 ille
610 2394 767 2474 expediat.
790 2395 863 2455 Mox
881 2393 997 2454 abibis.
1026 2393 1079 2454 Dii
1102 2412 1152 2453 me
1173 2391 1295 2459 seruent,
1329 2410 1342 2471 q

346 2468 462 2552 inquit,
484 2492 577 2534 nunc.
599 2473 715 2553 Pergit,
736 2476 845 2556 vixque
862 2473 1003 2536 absolvit.
1026 2472 1124 2548 Vale,
1147 2471 1252 2554 inquit,
1268 2465 1295 2526 il·
1327 2489 1343 2529 r.

346 2546 390 2609 le.
412 2549 587 2631 Elegantem
607 2555 726 2635 quidem
744 2553 931 2633 Epistolam.
954 2555 996 2614 At
1013 2553 1068 2613 hoc
1087 2552 1184 2613 multo
1203 2547 1294 2632 plenius
1329 2550 1343 2624 ι’,-

349 2628 499 2689 laudabis.
524 2633 629 2714 Neque
651 2634 729 2693 enim
752 2633 935 2716 Bivilaquius
958 2649 987 2693 te
1008 2633 1101 2693 etiam
1123 2647 1227 2694 vocat.
1245 2627 1294 2687 ltn-
1327 2629 1343 2686 s

348 2727 400 2767 mo
421 2708 478 2777 jam
500 2708 600 2789 sapius
623 2712 752 2785 innuit,
783 2713 853 2772 dum
876 2729 908 2774 tu
929 2713 1024 2793 legis.
1045 2711 1293 2787 Innuat,nutet,
1328 2724 1343 2766 ts

347 2800 450 2860 vocet,
473 2802 507 2847 ut
524 2788 616 2863 velit,
638 2790 814 2851 audiendum
825 2793 879 2853 hoc
895 2812 1013 2873 quoque
1034 2791 1091 2853 tibi
1108 2789 1294 2871 estteliquum.
1329 2786 1338 2846 l

347 2862 429 2954 Tum
450 2864 569 2927 Faletus
590 2868 633 2930 ira
654 2868 885 2946 excandescens,
905 2892 1015 2954 quaras
1035 2871 1096 2943 jam
1120 2917 1131 2948 ,
1153 2871 1202 2953 qui
1217 2885 1243 2930 te
1257 2886 1294 2928 au·
1330 2889 1343 2947 q

311 2961 313 2966 ·
347 2944 429 3029 dtat,
449 2944 620 3008 insolentia.
642 2950 742 3032 Atque
764 2952 806 3012 ita
826 2952 911 3012 illurn
935 2951 1054 3014 deserit.
1077 2953 1189 3014 Utrum
1205 2946 1294 3012 horsa
1330 2968 1339 3006 t

347 3043 409 3114 na,
429 3045 462 3087 ac
479 3027 628 3164 prudentis
650 3029 826 3107 sumentis,
850 3053 909 3093 non
926 3049 1051 3108 autern,
1075 3049 1109 3094 ut
1128 3050 1163 3094 tu
1180 3031 1242 3105 ais,
1262 3046 1294 3088 ct·
1324 3028 1343 3123 ql

350 3119 440 3185 prtrs,
461 3125 512 3165 au
533 3107 722 3183 Judtcabunt3
746 3131 836 3191 prope
857 3113 945 3173 etiam
954 3112 1036 3175 ausus
1060 3112 1125 3174 sum
1144 3111 1231 3174 dicere
1247 3105 1295 3187 [ta
1333 3107 1343 3167 5

345 3184 431 3247 'metsr
451 3201 529 3248 totus
547 3207 577 3248 es
596 3189 736 3272 insania]
757 3191 819 3271 ipse
838 3191 994 3262 judicabis.
1325 3160 1343 3297 'l

1303 3297 1305 3301 ’
1326 3291 1343 3325 ιζ

1326 3328 1329 3365 ι

387 3348 425 3436 Et
447 3371 508 3408 cum
529 3350 658 3428 Historici
677 3376 786 3414 munere
801 3355 933 3437 fungar,
961 3357 1071 3416 ceteris.
1087 3354 1177 3436 hujus
1196 3349 1298 3436 Eprlldt
1326 3367 1343 3421 ἱῖ

340 3423 471 3504 pambus
494 3430 650 3522 respondere
668 3456 716 3495 nec
735 3455 845 3511 vacat,
865 3459 913 3497 nec
932 3433 1030 3511 lubet}
1053 3438 1131 3521 Qae
1153 3453 1242 3497 am
1249 3429 1298 3511 sss*
1326 3424 1342 3467 ''

343 3499 406 3583 pst,
427 3526 545 3567 omarum
564 3515 730 3574 eruditorum
751 3515 856 3594 judicio
871 3513 1061 3592 firbmittenda
1080 3518 1158 3576 duxi
1164 3539 1178 3588 ;
1197 3529 1299 3594 cumps
1326 3460 1330 3605 Ι

347 3601 457 3679 tqrrm,
470 3609 513 3645 me
530 3592 683 3670 amiciffimo
711 3595 772 3655 Viro
791 3593 948 3668 beneficium
958 3595 1053 3675 feciffe
1069 3639 1079 3671 ‚
1095 3595 1169 3674 ſsse
1184 3587 1298 3679 ipsunll
1326 3610 1330 3689 ἱ

345 3658 430 3756 berner
445 3665 500 3745 {pst
517 3686 661 3750 tamquam
682 3675 712 3732 in
728 3675 842 3755 speculo
862 3675 1040 3751 ostenderim,
1061 3698 1116 3736 non
1134 3677 1297 3738 connaedicn
1327 3692 1330 3731 r

346 3742 378 3802 dr
392 3787 401 3818 ,
415 3742 470 3819 sed
483 3747 655 3837 'indaganda
675 3755 804 3814 veritatis
818 3752 911 3830 studio
931 3799 940 3830 ,
962 3755 1023 3832 ejus
1044 3756 1173 3836 opinione
1193 3752 1295 3836 rejaesb,

304 3906 307 3913 Ι
346 3843 406 3905 quc
419 3823 542 3904 flagellat
562 3850 650 3894 omnes
673 3833 763 3896 atatis
782 3833 897 3913 nostre,
929 3833 1086 3918 veteresque
1105 3836 1241 3900 Auavres
1259 3853 1296 3894 en·

1239 3916 1275 3977 di-
