3000 4559
324 462 380 503 aio
542 442 793 503 BARTHOL
824 442 991 501 alceir
1093 470 1098 475 ·

282 524 382 587 cidat.
405 520 441 583 Id
460 537 559 585 autem
579 523 653 597 erit,
672 520 692 583 fi
713 519 829 602 publico
845 520 941 583 edicio
962 516 1182 603 proliibebitb,
1205 541 1240 585 ne

278 603 415 686 posthac,
435 602 487 684 qui
498 623 557 664 noir
577 602 663 693 plane
685 602 809 677 Latine,
829 617 917 684 atque
932 603 1083 682 eleganter
1103 598 1220 664 scribant
1227 645 1245 679 ,2

278 700 331 744 aut
352 681 739 745 Historiamclarissrmontm
764 681 932 762 Principum
953 680 1175 755 contaminare,
1191 694 1253 744 aut¹

276 762 374 829 uitam
395 762 517 832 alicuius
543 762 684 843 Proripis
715 760 785 827 Viri
806 763 953 837 secundo,
981 783 1015 825 ac
1031 783 1085 852 per
1138 782 1175 823 uo
1193 760 1239 825 suo

274 841 352 982 siglo
371 841 545 923 deperdere,
573 843 670 907 multo
690 860 762 905 vero
785 845 883 905 minus
911 842 1086 925 elegantiori
1108 862 1141 903 us
1164 840 1239 905 Viris

275 942 297 982 o
316 921 420 985 latrare
441 921 565 1005 possint3
584 922 665 1005 quod
684 943 757 987 vero
779 922 969 1006 scripserint,
987 944 1024 985 ne
1045 938 1098 983 aut
1121 920 1241 1005 pralis,

275 1016 328 1063 aut
350 1002 440 1065 etiam
461 1002 511 1064 sua
532 1023 622 1065 manu
642 996 727 1066 edere
746 1004 890 1079 audeant,
910 1000 1095 1084 imperabitis
1117 1046 1127 1061 .
1147 1000 1176 1063 Si
1193 1021 1237 1063 te·

277 1101 311 1142 ro
334 1080 411 1143 secus
431 1078 577 1158 fecerint,
619 1104 687 1146 oena
708 1084 795 1160 esto,
825 1101 858 1146 ut
875 1083 996 1146 illorum
1010 1084 1120 1145 charta
1162 1101 1237 1158 ato,

275 1160 389 1236 larido,
407 1161 520 1223 caeteris
535 1183 571 1224 ue
592 1103 771 1247 salisamqntis
791 1162 1060 1227 circumvolvendis
1080 1178 1153 1225 attii
1174 1181 1236 1223 uari·

275 1255 341 1302 tur.
361 1239 416 1303 Sed
431 1241 506 1320 hoc,
562 1245 624 1319 rdi,
646 1243 771 1327 [teum
792 1266 808 1306 e
830 1246 872 1306 im
893 1243 972 1334 quafi
991 1263 1126 1325 perorare
1143 1234 1208 1304 uolo
1238 1318 1243 1327 Ι

276 1318 353 1409 hoc,
373 1321 514 1403 inquam,
536 1323 637 1399 Sardi,
658 1326 695 1388 ad
748 1325 1006 1388 tinumhominem
1023 1322 1102 1405 spe&
1123 1338 1182 1405 t;q
1238 1400 1240 1407 Ι

273 1399 387 1474 dicam,
408 1401 445 1463 ad
462 1402 661 1467 Christianum
677 1406 803 1488 pertinet
830 1404 938 1467 Virum
955 1450 962 1464 .
992 1402 1078 1483 Nolo
1095 1402 1172 1465 enini
1192 1422 1240 1465 no·-

275 1478 333 1541 ssra
349 1479 454 1562 scripta
468 1484 588 1564 gravius
605 1487 721 1548 animos
737 1486 847 1549 nostros
864 1485 1039 1559 offendant,
1068 1503 1157 1566 quam
1174 1476 1235 1545 lia

274 1557 450 1623 sanstiffima
466 1565 579 1627 essent.
609 1568 691 1628 Nam
716 1567 736 1628 si
779 1566 828 1628 uid
852 1566 955 1626 intua
976 1562 1037 1645 ipse
1064 1563 1234 1625 accusatione

275 1640 376 1729 minus
396 1641 562 1706 Clirilliane
582 1646 614 1707 iri
636 1667 683 1708 me
706 1587 888 1720 conlimilli,
909 1647 1069 1726 animoque
1090 1646 1181 1732 tnagis
1197 1643 1232 1702 in·

277 1719 367 1808 vido,
387 1740 477 1803 quam
501 1745 583 1800 vero,
607 1726 643 1788 de
663 1748 711 1788 me
732 1727 833 1789 eodem
855 1724 1021 1798 detraxisti,
1043 1741 1096 1786 aut
1112 1723 1133 1783 li
1148 1721 1176 1783 id
1189 1723 1233 1784 llu-

277 1796 382 1874 duisli,
406 1817 438 1863 ut
455 1804 568 1885 aliquid
586 1807 640 1867 else
656 1807 812 1883 videreris,
833 1806 983 1867 fimecum
1002 1803 1089 1865 ausus
1105 1802 1231 1863 effescon·

276 1876 421 1954 tendere,
440 1898 493 1942 aut
510 1884 600 1944 etiarn
617 1930 628 1960 ,
650 1904 683 1949 ut
699 1887 745 1946 isli
763 1903 816 1948 tuo
832 1885 1000 1946 inaniffimo
1016 1884 1120 1946 auimo
1136 1899 1230 1943 morem

276 1975 409 2097 fientes,
430 1977 482 2022 aut
497 1965 592 2045 magis
611 1964 625 2055 [
642 1984 675 2028 ut
692 1966 789 2027 multa
803 1965 874 2028 sacis
891 1966 903 2047 ]
926 1960 1009 2027 nullo
1025 1963 1160 2037 confilio,
1180 1959 1232 2021 nul·

328 2052 444 2127 ratione
462 2061 552 2131 praece
608 2064 641 2107 in
661 2046 745 2107 illam
766 2045 979 2108 accusationem
1001 2044 1117 2106 delatus
1138 2063 1166 2103 es
1183 2085 1191 2116 ,
1208 2060 1231 2101 o·

277 2135 361 2195 mma
383 2139 439 2202 ego
459 2138 502 2183 ita
531 2125 554 2185 ti
576 2125 586 2186 i
607 2127 769 2201 condono,
798 2142 832 2189 ut
860 2126 966 2187 christ.
986 2126 1059 2205 Opta
1082 2124 1162 2185 Maii.
1180 2121 1231 2182 suot

276 2216 379 2260 omnes
398 2202 543 2264 cruciatus
570 2204 677 2277 thdaeis
706 2206 915 2283 condonavit,
966 2225 999 2266 ro
1019 2203 1126 2288 quibus
1153 2201 1229 2264 etiam

278 2294 430 2359 parentem
455 2282 537 2344 suum
558 2287 716 2362 exoravit,
737 2304 771 2349 nt
794 2288 835 2349 eis
858 2288 1042 2368 ignoceret.
1072 2287 1168 2359 Quare
1185 2301 1231 2362 ega

277 2376 396 2441 quoque
416 2360 452 2422 ad
474 2364 534 2434 ejus
566 2366 764 2429 imitationem
795 2388 861 2430 eum
888 2387 990 2447 rogo,
1017 2379 1049 2426 ut
1071 2363 1126 2426 tibi
1143 2362 1228 2423 melio

276 2455 355 2512 rem,
379 2460 412 2503 ac
427 2441 569 2504 saniorem
586 2462 716 2508 mentem
733 2448 808 2523 det,
838 2447 960 2529 istasque
977 2445 1153 2526 ignorantia
1167 2459 1230 2502 tene·

275 2514 394 2606 brasnab
414 2522 514 2584 animo
532 2540 584 2585 tuo
599 2525 729 2602 auferat,
750 2548 785 2590 ac
802 2526 890 2590 saciat
914 2525 1097 2608 aliquando,
1118 2520 1229 2587 uttuiis

271 2614 366 2675 magis
387 2601 502 2687 credas,
524 2606 576 2682 qui
595 2626 660 2668 vere
677 2606 771 2679 amice
788 2623 885 2669 tecum
903 2622 1014 2688 agunt,
1037 2626 1128 2689 quam
1142 2603 1188 2684 qui
1201 2620 1228 2688 a·

271 2673 442 2765 dolatorie,
464 2699 497 2742 ut
515 2683 567 2743 ista
584 2700 635 2745 tua
652 2687 734 2747 inani
750 2687 913 2748 ambitione
930 2732 940 2761 ,
970 2686 1078 2766 lingua
1095 2703 1149 2746 riori
1168 2681 1227 2741 satis

270 2749 366 2840 bona,
387 2757 543 2843 insolentia
563 2762 759 2840 intolerabili,
781 2767 964 2828 immodestia
980 2765 1137 2847 singulari,
1153 2759 1227 2822 urba-

272 2847 367 2892 nitate
383 2835 512 2925 scurrili,
532 2842 662 2904 moribus
679 2845 801 2923 odiosis,
823 2847 998 2930 ineptiisque
1014 2845 1151 2909 omnibus
1168 2840 1227 2901 libe

270 2927 341 3002 1³¹2
363 2914 521 2994 asolvat,
543 2940 669 3003 purget.
691 2925 742 2987 Tu
759 2948 829 2990 vero
845 2944 947 2991 contra
963 2972 975 3002 ,
993 2925 1013 2986 li
1031 2948 1053 2989 a
1072 2947 1120 2987 me
1140 2921 1228 2984 omnia

269 2992 413 3056 verissime
430 2999 533 3061 audis-li
550 3046 560 3075 ,
588 3023 653 3086 qua
672 3004 728 3067 scio
745 3008 843 3070 multo
858 3008 976 3090 gravius
1002 3009 1123 3067 animos
1140 3003 1225 3065 ludere

269 3071 375 3162 splefe,
419 3098 487 3139 uam
505 3079 590 3158 lidla,
612 3104 702 3165 qnam
712 3090 934 3163 commentitia,
955 3107 1047 3169 quatri
1063 3085 1156 3158 salsae,
1172 3098 1224 3164 qua
1270 3082 1272 3127 !

271 3152 393 3245 mles?
438 3177 510 3221 nam
531 3182 595 3242 qua
618 3164 714 3228 multa
730 3189 747 3228 a
765 3189 811 3230 me
836 3170 868 3229 in
893 3169 946 3230 hac
971 3165 1154 3246 responsione
1173 3177 1226 3222 nita

269 3230 414 3311 didicisli,
437 3239 511 3299 nihil
529 3263 562 3303 ea
578 3244 690 3307 ratione
706 3268 724 3308 a
741 3263 770 3309 te
787 3249 921 3328 reposco,
942 3247 1021 3308 dono
1037 3247 1101 3321 do,
1123 3265 1156 3307 ac
1170 3239 1226 3301 mit·
1270 3258 1272 3263 ·

272 3311 333 3398 fo]
363 3318 461 3394 pedus
483 3337 567 3383 tuum
591 3323 678 3386 altius
700 3326 909 3406 perfoderunt,
936 3327 1001 3418 pari
1024 3327 1143 3388 ratione
1163 3317 1225 3381 mihi

269 3393 568 3484 33U0l0515debebi5,
590 3420 680 3495 atque
701 3427 736 3467 eo
759 3408 871 3490 magis,
892 3429 964 3489 quia
983 3424 1016 3469 tu
1033 3427 1083 3467 me
1105 3404 1142 3466 ad
1163 3402 1227 3461 haic

268 3487 457 3561 inimicitiam
481 3485 668 3559 provocassl,
697 3503 728 3547 at
751 3508 787 3548 ue
807 3510 841 3551 eo
862 3490 950 3550 etiam
975 3503 1111 3567 tempore
1132 3499 1226 3565 provo·

268 3550 337 3610 casti
355 3595 364 3625 ,
383 3573 444 3635 quo
461 3574 489 3620 te
505 3562 674 3625 amicissime
691 3508 815 3630 utdbar.
843 3569 931 3642 Quod
948 3565 1060 3629 sacrum
1083 3582 1118 3627 ut
1134 3561 1227 3624 rectius

271 3635 455 3714 consideres,
478 3643 621 3704 rationem
639 3667 756 3707 omnem
781 3649 812 3709 in
830 3649 981 3710 consilium
998 3644 1181 3708 adhibebis:
1202 3659 1227 3698 a·

271 3722 419 3784 micorum
443 3741 541 3786 autem
562 3726 593 3787 dc
614 3726 867 3802 fidelissimorum,
899 3728 929 3789 dr
946 3725 1225 3809 prudentislimotuffl

270 3803 486 3869 cohortationes
503 3823 604 3869 omnes
620 3807 653 3871 iis
668 3808 843 3875 memoriam
859 3807 1008 3873 revocabis
1025 3853 1037 3870 .
1055 3806 1139 3870 Cum
1158 3817 1224 3864 enin
