3000 4559
296 549 301 561 ,
452 472 869 547 'corstona
1089 484 1159 567 15'3¹

216 574 268 630 tn'e
288 563 409 648 pudet]
429 562 589 628 certisfimis
610 563 750 646 exemplis
772 561 975 646 comprobato.
1005 562 1107 630 Cicero
1127 564 1184 649 igi-

215 664 290 721 tur,
323 664 389 707 cum
410 644 444 705 de
467 645 616 706 Seneciute
637 659 725 725 agit,
756 645 792 706 stc
813 645 880 706 ait:
907 647 977 703 Cato
1001 643 1080 724 qnafi
1091 667 1183 726 cogno·

217 746 280 785 men
294 726 355 807 jam
381 722 496 784 habebar
521 726 549 783 in
560 723 697 801 seneiiute
719 723 871 805 Sapientis.
901 725 1007 800 Quaeto
1028 743 1082 804 ego
1101 724 1137 785 de
1158 726 1182 786 i'·

216 807 293 879 ssis,
316 804 365 866 ubi
388 823 465 866 nunc
485 804 519 865 srt
542 823 704 885 cognomen
726 803 804 875 hoc;
821 824 857 865 an
879 802 1026 885 ingentis
1047 804 1184 878 nomine,

217 885 300 968 quod
332 883 447 945 nullum
476 882 515 943 est
537 881 712 964 ascriptum?
742 904 778 944 an
801 884 832 944 in
856 881 1008 965 sapiente?
1035 882 1124 944 Certe
1143 882 1184 943 est

220 966 251 1027 in
276 962 442 1045 posteriore.
475 962 577 1045 Itaque
607 982 769 1039 cognomen
798 963 874 1026 nihil
895 962 931 1025 ad
952 962 1127 1024 familiam.
1156 961 1186 1021 1-

220 1062 283 1107 tetn
307 1042 430 1115 secundo
452 1040 526 1103 libro
545 1041 580 1103 de
599 1041 714 1104 Officiis
731 1044 774 1105 ait
791 1065 799 1113 3
830 1046 863 1104 P.
881 1042 994 1122 Craffur
1016 1065 1078 1104 cum
1093 1063 1186 1122 cogno·

218 1124 291 1184 mine
309 1124 343 1183 di
366 1144 419 1194 es,
440 1140 498 1180 roni
514 1123 612 1201 copiis.
636 1124 742 1198 Quarto
763 1125 860 1198 item,
882 1138 980 1184 utrum
1001 1121 1118 1183 Licinia
1144 1119 1186 1182 fa·

220 1202 305 1265 milia
323 1202 350 1262 C
384 1199 424 1261 sso
445 1200 546 1262 divitis
567 1221 675 1262 nomen
696 1201 807 1264 dederit
827 1247 837 1279 ,
857 1223 894 1262 an
916 1201 976 1272 ejus
997 1199 1108 1284 copia?
1127 1220 1185 1263 cer·

220 1299 249 1346 te
270 1282 379 1362 copia.
398 1280 473 1342 Item
496 1278 569 1342 libro
592 1282 679 1343 tertio
696 1326 704 1357 ,
724 1301 833 1360 arque,
854 1282 969 1364 inquit,
991 1279 1036 1342 hic
1053 1284 1090 1340 T.
1101 1280 1186 1340 nian-

220 1363 276 1422 iius
291 1362 317 1420 is
336 1359 400 1437 est,
421 1361 470 1440 qui
488 1361 529 1419 ad
542 1361 676 1421 Anienem
694 1360 775 1422 Galli
792 1406 801 1437 ,
822 1383 902 1442 quem
920 1358 1001 1420 abeo
1021 1377 1188 1440 provocatur

220 1441 378 1514 occiderat,
400 1458 493 1519 torque
516 1437 659 1512 datraiio,
681 1461 822 1519 cognomen
841 1439 899 1515 fibi
924 1440 1049 1500 invenit.
1070 1438 1188 1521 Cogno·

221 1539 289 1581 men
312 1520 368 1580 hoc
399 1520 476 1599 quod
498 1517 573 1581 fuit?
604 1519 783 1597 Manlium,
814 1515 1085 1602 arrTorquatum?
1109 1535 1186 1581 certe

222 1602 409 1681 Torquatum
439 1619 455 1659 c
484 1613 586 1680 torque
614 1597 723 1661 facium
754 1599 794 1662 est
817 1599 831 1675 ',
869 1620 930 1662 non
966 1612 1064 1659 autem
1101 1599 1188 1660 Man·
1271 1662 1273 1668 ,

223 1680 313 1740 lium.
345 1678 515 1740 Ciceronem
545 1679 570 1739 is
599 1678 751 1760 seqnitur,
781 1680 832 1764 qui
853 1680 889 1742 ad
914 1678 989 1740 Here
1034 1678 1096 1739 ium
1122 1676 1189 1740 scri·

222 1757 287 1820 bit.
320 1757 367 1819 Ita
397 1761 474 1819 enim
505 1758 575 1820 ait.
606 1762 786 1840 Cogmmen,
815 1760 890 1839 qnod
907 1775 958 1850 pro
1002 1775 1055 1817 erto
1083 1757 1189 1817 nomine

223 1838 401 1901 collocamus.
422 1840 451 1900 Si
473 1857 634 1929 cognomen
656 1858 710 1919 pro
732 1856 812 1901 cerro
835 1858 954 1901 nomine
995 1838 1111 1914 onitur,
1129 1856 1187 1900 cer-

224 1934 252 1980 te
274 1917 412 1978 caesarem
430 1963 439 1992 ,
461 1920 620 1990 Atticum,
643 1917 836 2001 Scipionem,
858 1920 1047 1994 Ciceronem,
1068 1938 1121 2000 pro
1136 1916 1187 1989 Ju-

224 1996 292 2071 lio,
315 1997 502 2076 Pomponio,
525 1996 679 2073 Cornelio,
701 1999 805 2059 Tullio
826 2018 875 2060 tna
898 2001 920 2061 is
942 1998 1013 2079 poni
1034 1997 1187 2070 videmus,

222 2095 312 2167 quam
341 2091 458 2137 contra.
485 2075 545 2135 Hic
569 2076 666 2150 item,
694 2095 762 2137 cum
785 2078 848 2156 agit
869 2019 905 2137 tie
925 2075 1188 2159 praenominatione

222 2172 264 2217 att
286 2175 294 2214 τ
317 2157 366 2236 qui
377 2155 461 2230 ficuti
475 2156 628 2235 cognomine
652 2157 771 2232 quodam
795 2174 921 2216 extraneo
941 2155 1104 2230 domonstrat
1128 2155 1191 2227 id,

223 2237 299 2316 quod
317 2236 370 2312 suo
393 2232 530 2316 appellari
558 2254 609 2292 non
628 2233 745 2311 poresr5
765 2252 799 2291 nt
815 2230 845 2307 li
862 2236 927 2313 quis
948 2235 983 2292 de
1003 2230 1133 2292 Gracchis
1154 2230 1193 2289 ic·

222 2332 352 2395 quatur,
373 2313 479 2385 dicat,·
500 2326 531 2368 at
552 2332 604 2369 non
625 2312 755 2388 Africani
775 2327 904 2390 nepotes3
925 2307 975 2371 ubi
991 2308 1099 2385 vides,
1120 2308 1191 2391 quia

222 2391 352 2472 Africani
378 2407 440 2454 erat
461 2389 615 2462 didimus,
647 2390 825 2470 cognomine
846 2388 944 2450 dixisse
967 2433 976 2465 ‚
1007 2409 1066 2450 non
1089 2405 1189 2450 autem

221 2472 360 2534 nomine.
389 2470 446 2531 His
466 2467 558 2530 Mani·
581 2487 698 2550 quoquc
725 2468 900 2545 assentitur,
928 2489 995 2531 curn
1018 2467 1114 2542 dicit,
1144 2489 1191 2526 no·

214 2553 365 2629 serumque
384 2551 414 2610 in
436 2570 528 2608 nomen
548 2549 660 2618 ituras;
682 2549 737 2611 hoc
761 2549 827 2623 cst,
855 2549 886 2610 in
927 2563 1023 2610 entem
1047 2545 1189 2608 nostram.

225 2631 278 2693 Est
308 2629 386 2690 enim
417 2649 483 2690 cum
506 2627 643 2690 Anchises
670 2628 764 2692 AEneae
792 2628 855 2690 filio
884 2568 1008 2690 offendit
1035 2627 1065 2689 in
1086 2625 1192 2709 Elysiis

225 2709 363 2790 campis}
392 2711 499 2792 quiex
521 2709 570 2770 sua
598 2709 724 2772 Familia
754 2707 874 2771 illustres
895 2708 981 2773 essent
1001 2705 1107 2770 futuri.
1136 2706 1193 2769 Po·

227 2792 331 2853 stremo
357 2788 377 2848 ti
405 2806 568 2871 praenomen
589 2788 657 2850 inde
676 2789 787 2851 dicium
809 2787 879 2865 est,
907 2786 986 2872 quod
1007 2786 1120 2850 nomini
1141 2806 1193 2850 an·

223 2866 366 2939 recedat,
389 2867 420 2928 in
442 2869 486 2929 M.
506 2867 610 2929 Tullio
631 2869 774 2931 Cicerone
793 2885 871 2931 certe
891 2888 1060 2951 praenomen
1083 2865 1122 2927 est
1145 2866 1191 2928 M.

225 2949 278 3009 Sin
301 2964 370 3005 veto
391 2946 446 3006 hoc
468 2965 574 3007 nomen
595 2948 764 3022 antecedit,
794 2947 912 3009 Tullius
935 2947 1090 3030 sequitut3
1120 2963 1191 3025 ergo

228 3024 349 3086 Tullius
371 3025 522 3085 necetiario
541 3044 650 3086 nornen
668 3069 678 3099 ,
698 3046 757 3087 non
778 3042 875 3088 autem
898 3023 1025 3102 Cicero,
1046 3023 1125 3105 quod
1141 3038 1197 3113 po·'

228 3105 364 3167 stremum
386 3102 453 3173 est3
475 3117 507 3162 ut
528 3102 639 3163 ratione
660 3104 749 3164 etiam
773 3105 817 3165 isti
839 3110 875 3164 de
898 3102 948 3165 sua
968 3102 1110 3163 sententia
1138 3099 1193 3162 tsta

230 3182 341 3267 prorsus
362 3181 547 3253 dejiciantur.
578 3180 631 3241 Sed
652 3181 712 3252 jam
734 3180 871 3242 ridiculos
903 3180 969 3242 istos
990 3180 1085 3241 miffos
1107 3177 1194 3241 facia·

230 3284 293 3326 mus
311 3308 319 3336 ,
342 3277 430 3345 atque
451 3281 613 3343 cognomen
635 3260 728 3344 ipsum
749 3279 885 3352 agamus.
905 3258 1057 3320 Continuo
1075 3259 1192 3334 icitur,

230 3346 369 3427 quoniam
394 3340 622 3424 cognominandi
648 3359 737 3422 prope
776 3339 999 3431 mnumerabiles
1021 3358 1074 3400 cau
1096 3358 1126 3399 as
1144 3356 1194 3400 ve·

233 3440 304 3484 teres
328 3421 513 3493 habuerunt,
533 3441 567 3481 ea
588 3439 705 3502 quoque
726 3437 839 3482 ratione
862 3418 968 3480 fadum
992 3420 1055 3494 est,
1077 3434 1109 3480 ut
1129 3417 1193 3500 plu·

231 3522 264 3563 ra
283 3521 384 3563 eorum
408 3500 542 3582 legantur
560 3499 752 3579 cognomina.
784 3500 855 3561 Hac
876 3499 911 3560 ad
933 3499 981 3561 lira
1000 3514 1077 3562 certa
1096 3497 1195 3580 capita

231 3598 264 3643 ut
285 3582 484 3656 reducantur,
506 3578 650 3653 nonest,
672 3579 752 3662 quod
774 3578 919 3660 enpefles.
941 3581 1019 3640 Nam
1043 3578 1194 3652 srdicam,

232 3677 283 3722 aut
308 3658 345 3721 ab
369 3661 495 3734 animo,
527 3675 579 3721 aut
599 3681 617 3720 a
636 3678 779 3740 corpore,
795 3661 862 3720 *aut
882 3680 900 3720 a
920 3657 1035 3720 fortuna
1062 3679 1096 3720 ea
1118 3656 1193 3721 trahi

230 3740 344 3814 solere,
374 3739 469 3800 multo
491 3740 573 3818 plura
604 3755 704 3807 tamen
725 3730 950 3822 relinduentur,
976 3758 1040 3821 quae
1064 3737 1112 3798 sub
1134 3739 1194 3798 hac

226 3838 334 3903 genera
357 3838 417 3882 uon
446 3819 596 3896 veniunt,
626 3833 663 3883 ut.
679 3817 830 3898 Fidenas,
853 3818 1015 3894 Merenda,
1038 3820 1167 3952 Lanprus
1183 3818 1203 3887 ,·'

1124 3912 1154 3952 u-
