3000 4559
496 470 979 530 .·ouATrouar.
1162 488 1202 551 w

271 545 515 630 Hendccasyllabi
545 551 580 611 ad
602 548 746 611 Francisci
776 548 936 610 Petrarchae
966 548 1109 611 tationem
1131 571 1165 611 ea
1183 553 1240 613 ele

291 632 391 705 antia,
412 646 499 712 atque
521 629 664 711 dignitate
688 629 870 708 conscripti,
890 647 955 710 quae
977 649 995 688 a
1014 627 1107 691 doctis
1129 632 1236 698 iterum

270 650 372 792 faepius
395 709 508 772 summa
527 731 596 771 cum
620 710 773 798 voluptate
794 709 820 769 le
844 709 853 768 i
877 707 996 789 poffint.
1019 707 1056 768 In
1077 709 1170 772 soluta
1190 732 1239 773 ve·

271 808 305 852 to
324 789 470 852 Oratione
492 807 594 871 prater
614 788 762 862 infinitas,
782 731 842 849 aad
850 808 884 849 ue
904 789 1017 869 optime
1041 787 1157 869 scriptas
1175 791 1240 861 lite·

270 888 316 932 ras
338 912 348 944 ,
379 869 486 950 legitur
507 872 567 940 ejus
589 869 696 930 Oratio
717 869 752 929 de
773 810 906 930 laudibus
929 869 1101 950 eloquentia:
1121 870 1152 930 ἃ
1172 872 1242 930 arti-

270 947 361 1023 ficio,
383 948 413 1011 dt
432 948 563 1011 doeirina
584 949 707 1009 minime
728 949 862 1030 vulgari3
886 948 1041 1029 supplicem
1064 947 1148 1018 huius
1168 949 1241 1010 itern

269 1027 403 1090 libellum
423 1029 460 1091 ad
471 1047 516 1104 te,
538 1030 679 1090 Hercules
698 1030 851 1111 Princeps,
874 1049 925 1119 pro
937 1028 1149 1090 Bartholomao
1167 1031 1239 1089 Arn-

269 1105 363 1171 btofio
386 1108 511 1190 legimus
532 1108 601 1188 ipsi,
623 1129 657 1170 ea
678 1109 779 1190 copia,
801 1131 834 1171 ea
853 1108 1022 1189 dignitate,
1052 1130 1086 1170 eo
1108 1108 1240 1190 splendo-

271 1206 322 1262 re,
344 1206 379 1249 ea
399 1188 524 1272 denique
545 1203 605 1249 arte
621 1188 833 1269 conscriptum,
855 1211 915 1271 qua
932 1188 1064 1262 nullum,
1085 1189 1177 1250 audeo
1192 1189 1238 1249 di·

268 1286 352 1342 cere,
373 1269 405 1328 in
425 1289 460 1329 eo
481 1288 584 1349 genere
606 1289 744 1351 umquam
767 1271 887 1350 legisti,
917 1289 1008 1350 neque
1030 1269 1106 1346 leges
1127 1269 1237 1329 multos

271 1344 304 1407 in
328 1367 444 1409 annos.
474 1347 509 1408 In
530 1346 709 1409 Bibliotheca
738 1367 837 1410 autem
865 1348 914 1408 srbi
935 1347 1157 1422 constituenda,
1185 1349 1236 1409 Dii

271 1423 359 1487 boni!
388 1428 459 1506 quid
469 1447 528 1488 non
538 1425 699 1508 impendit?
716 1431 762 1489 cui
782 1447 922 1506 umquam
945 1429 1071 1507 sumptui
1095 1428 1238 1507 pepercit,

270 1524 341 1567 cum
368 1505 441 1565 liber
461 1508 569 1588 aliquis
580 1506 685 1568 nobilis
695 1507 790 1568 editus
811 1505 896 1568 effer?
918 1509 1064 1568 Omnium
1088 1508 1235 1568 Librariu-

269 1602 336 1645 rum
361 1583 474 1646 Indices
497 1587 612 1661 adibat,
633 1607 706 1668 quos
719 1587 806 1647 ‚bono
825 1587 944 1648 nomine
960 1587 991 1646 in
1013 1587 1072 1647 illis
1090 1586 1176 1647 libros
1194 1583 1236 1645 of-

267 1661 417 1738 sendrllet,
437 1665 473 1727 ad
496 1669 670 1748 Gregorium
681 1666 856 1747 Gyraldium
880 1667 1048 1747 Apollinem
1067 1666 1148 1727 suum
1167 1666 1237 1725 Del·

270 1743 389 1823 phicum
409 1743 575 1820 deferebat,
606 1749 665 1818 ejus
695 1747 814 1809 conlilio
843 1747 940 1827 postea
960 1763 1011 1808 aut
1032 1767 1079 1807 eos
1101 1745 1233 1818 emebat,

270 1840 319 1884 aut
342 1824 483 1893 rejiciebat
501 1848 509 1898 3
530 1829 673 1908 postremo
694 1829 785 1889 etiam
826 1830 904 1888 aucis
926 1844 1084 1908 antequam
1107 1828 1232 1888 moritur

272 1901 367 1964 diebus
382 1906 526 1967 Galerium
546 1907 693 1988 integrum
704 1910 790 1989 Augu
818 1910 884 1980 ino,
901 1907 1110 1989 Aristotelique
1131 1905 1231 1973 adiun-

273 2000 350 2045 xerat
358 2004 371 2054 ,·
391 2005 479 2066 quarn
490 1987 703 2049 Bibliothecam
721 1987 917 2067 eadiligentia
938 1985 992 2067 [ut
1003 1985 1231 2059 elegantissimo-

273 2080 332 2124 rurn
350 2063 489 2127 librorum
506 2068 791 2145 conglutinationem
814 2065 979 2143 omittam]
999 2086 1033 2126 eo
1051 2067 1144 2127 studio
1165 2111 1174 2138 ,
1195 2087 1230 2125 eo

273 2143 366 2205 nitore
386 2145 579 2218 custodiebat,
602 2165 661 2225 qua
684 2145 710 2206 se
731 2145 845 2224 ipsum,
866 2165 925 2226 qua
934 2164 966 2204 os
989 2145 1070 2205 suum
1092 2144 1232 2205 faciebat.

271 2219 333 2292 lam
356 2244 425 2285 vero
446 2225 524 2312 quod
546 2224 581 2284 ad
600 2224 787 2303 Religionem
802 2224 927 2295 attinet,
951 2223 983 2282 in
1001 2243 1060 2301 qua
1081 2243 1139 2282 una
1157 2223 1231 2283 salus

271 2301 361 2363 bostra
381 2320 569 2373 continetur,
590 2321 692 2362 catera
714 2304 794 2361 enim
816 2301 852 2360 ad
873 2316 1045 2360 ornamenta
1062 2320 1095 2360 ea
1111 2301 1231 2381 quidem

272 2377 332 2442 sunt
354 2382 429 2442 reiie
448 2381 628 2454 constituta,
659 2382 719 2441 haec
741 2400 811 2442 vero
834 2399 890 2439 una
911 2378 947 2439 ad
969 2399 1018 2458 pet
1040 2396 1135 2440 eruam
1158 2380 1231 2441 salu·

271 2470 327 2519 tem
349 2478 516 2550 comparata
537 2461 594 2531 eil3
616 2461 663 2521 hic
685 2461 719 2521 de
741 2459 859 2521 Chtillo
875 2460 1002 2539 Optimo
1059 2461 1175 2534 animo,
1197 2481 1231 2522 ao

271 2536 301 2600 de
322 2539 429 2602 Christi
450 2541 534 2622 ipsius
556 2539 735 2602 sancliffimis
761 2539 904 2601 Inllitutis
925 2540 1108 2620 integerrime
1131 2541 1230 2601 sentie÷

272 2613 330 2680 bar.
353 2621 498 2701 Frequens
520 2623 632 2682 eratin
654 2622 855 2700 Hieronymo,
876 2618 1054 2700 frequentior
1075 2621 1105 2680 in
1126 2623 1229 2698 Augu·

272 2697 356 2773 llino,
378 2700 468 2761 Paulo
488 2719 584 2763 autem
607 2701 713 2762 mitum
736 2702 767 2761 in
790 2700 909 2760 modum
932 2698 1133 2762 alliciebatur.
1153 2703 1228 2762 Ter·

272 2776 308 2838 tio
327 2779 390 2852 die,
410 2801 470 2864 quo
490 2783 520 2842 in
543 2781 676 2842 morbum
697 2781 820 2854 incidit,
841 2800 877 2840 ex
897 2801 957 2864 quo
974 2801 1032 2842 non
1057 2782 1225 2856 convaluit,

272 2852 414 2935 Mutina,
436 2880 495 2941 quo
517 2878 570 2935 te,
601 2862 768 2935 Hercules,
799 2860 910 2922 secutus
930 2879 1015 2933 erat,
1037 2862 1229 2934 Sacerdotem

271 2936 386 3012 postulat
402 2983 411 3014 ,
429 2941 494 3000 huic
517 2939 551 3000 de
573 2961 652 3000 inore
673 2939 847 3001 sancliffime
867 2956 960 3000 errata
980 2940 1030 2999 sua
1051 2940 1226 3012 confitetur,

271 3019 468 3093 penitentiam
490 3021 577 3097 agir,
604 3021 725 3081 domum
746 3037 844 3080 autem
875 3020 1006 3091 relatur,
1037 3019 1120 3079 suurn
1152 3019 1226 3078 item

269 3112 371 3159 certum
393 3099 479 3160 acciri
499 3097 577 3169 iubet
608 3099 815 3172 Sacerdotem,
844 3096 1058 3158 Confeffronem
1081 3097 1161 3155 illam
1185 3117 1226 3156 re·

270 3191 371 3248 notat3
395 3177 445 3239 sub
465 3197 554 3258 quam
573 3175 680 3236 Christi
689 3176 803 3256 Corpus
821 3176 963 3255 postulat,
984 3174 1089 3253 quibus
1111 3174 1225 3235 sanclis-

268 3251 328 3321 fine
349 3257 497 3337 petallis,
526 3257 590 3318 Deo
618 3256 726 3336 gratias
755 3256 843 3335 agit,
873 3254 952 3336 quod
981 3254 1031 3314 ubi
1052 3274 1086 3313 eo
1106 3274 1224 3336 quoque

269 3348 393 3417 tempore
414 3338 449 3399 ad
473 3337 593 3398 salutem
614 3357 674 3396 non
697 3332 842 3396 defuiffet.
865 3334 1044 3409 ingravescit
1065 3333 1096 3394 in
1118 3338 1225 3398 horam·

266 3420 396 3485 morbus3
418 3415 516 3478 assidet
537 3416 672 3477 Sacerdos
693 3413 856 3475 sanelilsrmi
878 3412 986 3473 Christi
1007 3415 1147 3476 cruciatus
1170 3418 1224 3478 hu·

265 3514 364 3557 manos
387 3496 431 3557 illi
452 3499 563 3557 interea
584 3497 710 3577 legens,
740 3514 813 3576 quos
835 3494 884 3554 fibi
905 3495 1016 3554 iseum
1039 3496 1145 3575 pallum
1167 3497 1222 3559 effe

263 3573 382 3644 sciebat3
404 3577 546 3656 postremo
566 3597 633 3637 cum
657 3595 744 3656 prope
766 3575 895 3636 animam
916 3590 1035 3654 ageret,
1058 3593 1091 3636 ut
1111 3576 1137 3637 se
1159 3578 1222 3639 san·

263 3653 388 3718 &trumo
408 3657 485 3717 Oleo
506 3656 625 3717 unclum
647 3656 752 3729 lenstt,
781 3654 928 3721 Sacerdoti
952 3655 1039 3715 etiam
1061 3658 1171 3736 gratias
1192 3680 1221 3718 e·.

261 3735 305 3811 git
314 3779 331 3826 ,ι
344 3737 396 3818 qui
419 3735 469 3795 fibi
490 3738 520 3795 in
541 3735 702 3809 omnibus,
725 3754 789 3817 quae
811 3733 847 3794 ad
869 3734 998 3794 Fidelem
1020 3735 1222 3800 Christianum

259 3830 432 3877 monentem
452 3817 619 3897 pertinent,
640 3817 738 3896 presto
762 3812 907 3892 alluislet,
926 3835 1022 3898 neque
1041 3817 1137 3878 multo
1158 3815 1220 3894 post

1123 3913 1180 3953 me
