3000 4559
492 467 808 530 GRATIARUM
834 472 1007 533 ACTIO.
1158 497 1193 557 55

267 549 365 609 etiarn
383 545 570 628 improbent.
599 551 670 625 Quae
686 547 858 628 improbitas
876 549 964 641 usque
983 572 1018 614 eo
1034 555 1162 634 processit
1180 558 1233 620 ali·

270 626 409 709 quando,
430 644 463 689 ut
477 628 596 709 quidam
613 629 703 689 etiam
719 628 861 698 iustitiam
877 631 972 710 ipsam
997 632 1128 698 humanae
1145 637 1233 702 socie·

271 712 343 769 tatis
365 707 552 769 certissimum
576 708 731 770 uinculum
755 728 816 768 non
838 709 916 770 resle
942 711 1130 775 constitutam
1146 718 1231 795 elle,

269 787 367 849 dicere
389 808 448 848 non
470 786 645 849 dubitarint.
667 787 705 849 ln
723 806 785 848 una
802 788 914 850 istatua
928 805 1028 857 tamen
1044 791 1231 872 Clementia,

269 882 360 949 atque
380 867 472 928 animi
500 866 615 929 summa
634 867 840 945 benignitate,
866 889 958 952 quam
975 891 1082 933 omnes
1103 888 1232 951 tecum,

263 948 422 1028 Princeps,
440 947 640 1021 consentiant,
656 945 879 1026 quantarum
898 950 973 1011 illud
998 967 1087 1014 tuum
1103 951 1236 1015 clemen·

271 1026 409 1092 tissimum
424 1046 509 1108 aeque
524 1046 631 1087 omnes
654 1023 791 1106 probent,
813 1044 901 1118 atque
916 1031 947 1091 in
959 1029 1085 1094 Coelum
1103 1032 1230 1110 tollant,

269 1107 556 1169 mirabileestdisiu.
577 1105 662 1180 Viti,
679 1106 833 1182 mulieres,
854 1128 992 1185 iuvenes,
1012 1111 1110 1185 senes,
1131 1112 1230 1189 cives,

268 1206 334 1268 pere
356 1187 440 1261 tini,
460 1185 627 1266 Religiost,
650 1185 781 1265 profani,
801 1188 927 1264 mariti,
948 1185 1095 1251 connubio
1113 1191 1197 1252 liberi
1218 1234 1231 1268 ,

268 1208 418 1347 nobiles,i
441 1265 551 1326 nobiles
560 1284 619 1325 una
626 1285 696 1325 voce
705 1286 804 1328 omnes
812 1268 859 1326 Te
868 1270 981 1348 egregie
993 1271 1056 1344 ,Te
1065 1269 1228 1350 splendide,

261 1288 548 1428 'segloriosesecisse
563 1343 735 1427 predicant.
759 1345 846 1406 Nihil
863 1366 880 1405 a
895 1348 981 1408 Tein
1000 1347 1227 1430 bocsatloquic·

266 1422 773 1564 quamdesrdetariposleaffitment3
794 1426 887 1486 immo
894 1445 964 1487 vero
974 1446 1042 1489 cum
1061 1428 1107 1488 Te
1123 1449 1228 1490 omnes

258 1505 372 1568 caussas
391 1503 498 1564 babere
516 1504 639 1578 citent,
659 1503 849 1585 quamobrem
866 1524 930 1565 non
943 1505 1040 1568 solum
1059 1505 1228 1588 jureaequis·

266 1587 343 1646 simo
363 1584 458 1646 vitam
479 1583 547 1644 huic
567 1582 724 1665 aditncres,
741 1583 791 1644 sed
812 1583 841 1644 id
862 1585 953 1645 etiarn
974 1605 1028 1665 pet
1042 1605 1145 1646 omnes
1166 1607 1228 1649 cru·

266 1667 363 1726 ciatus
382 1662 406 1803 J
428 1661 557 1743 nequid
589 1663 620 1723 in
642 1662 805 1742 turpissima
832 1664 930 1725 nostra
953 1665 1051 1726 ,caussa
1068 1665 1228 1728 diffimule·

267 1764 335 1806 mus
356 1738 369 1824 J
393 1763 473 1804 acere
481 1741 592 1823 polles,
611 1742 695 1803 iliam
706 1744 806 1803 Tuam
816 1760 928 1804 tantam
940 1745 1183 1820 misericordiam,
1204 1747 1228 1806 i-

267 1826 340 1888 llam
363 1824 460 1884 Tuam
483 1840 546 1903 tam
563 1820 619 1888 ,alti
636 1823 733 1882 animi
757 1823 993 1902 magnitudinem
1016 1825 1082 1886 satis
1101 1824 1226 1906 suspice·

264 1922 295 1965 te
314 1922 375 1965 non
392 1916 532 1986 queunt,
559 1921 653 1983 neque
676 1903 713 1964 iis
736 1902 896 1978 laudibus,
913 1905 1021 1986 quibus
1038 1905 1133 1986 digna
1153 1905 1194 1967 est
1212 1949 1223 1981 ‚

265 1981 293 2044 se
313 1983 440 2072 persequi
462 1981 539 2065 posse
567 1986 664 2062 palam
686 1981 885 2044 confitentur:
907 1999 966 2060 ut,
986 1985 1065 2067 quod
1085 1985 1224 2046 >omnium

266 2063 473 2128 difficillimum
494 2061 551 2137 est,
572 2060 629 2121 stne
646 2062 760 2122 invidia
779 2060 915 2137 laudem,
932 2083 968 2130 ¹ac
1006 2064 1108 2125 loriam
1129 2065 1224 2129 maxi-

265 2163 344 2207 mam
364 2142 535 2206 inveneris.
560 2139 625 2204 Etsi
640 2141 672 2200 in
690 2157 757 2201 tota
775 2142 850 2200 ¹Tua
865 2143 953 2215 vita,
972 2176 974 2194 =
1006 2142 1112 2202 ercules
1141 2143 1222 2203 Prin-

264 2242 347 2365 pcps,
367 2222 443 2283 nihil
460 2243 479 2282 a
492 2221 541 2285 Te
554 2239 617 2279 non
629 2218 799 2298 splendide,
817 2220 898 2278 nibil
913 2241 973 2279 non
986 2220 1160 2309 magnifice,
1177 2222 1226 2279 ni-

286 2326 295 2364 r
328 2324 348 2364 n

289 2305 293 2314 '
350 2322 389 2362 on
405 2301 487 2374 alto,
505 2312 538 2362 at
560 2317 596 2357 ue
612 2298 691 2357 elato
705 2298 807 2357 animo
820 2294 932 2356 sedium
945 2299 1149 2378 cemrtut,qui
1159 2298 1225 2359 nule

258 2385 326 2449 lum
350 2381 429 2441 diem
453 2377 551 2441 autli
587 2375 710 2437 talitatis
732 2377 764 2436 in
785 2395 910 2450 omnes,
938 2394 991 2438 aut
1006 2376 1169 2438 clementia
1186 2379 1223 2440 in

258 2483 330 2528 teos
347 2504 356 2535 ,
376 2474 428 2521 aut
449 2454 638 2538 benignitatis
658 2455 692 2521 ‚in
706 2454 852 2530 miseros,
867 2471 958 2539 atque
974 2457 1075 2537 inopes
1091 2477 1222 2519 *vacuum

261 2543 319 2609 tibi
342 2541 408 2601 sinis
450 2538 595 2601 raterite„
619 2535 773 2618 ,Siquidem
793 2534 883 2596 bodie
901 2536 1015 2616 ptaediis
1031 2535 1107 2600 alios
1116 2557 1223 2618 auges·;

264 2625 323 2686 alio
345 2620 393 2680 die
413 2558 487 2681 alios
504 2615 674 2698 gravissimo
692 2615 747 2699 sup
769 2616 837 2676 licio
856 2615 978 2687 liberas,
994 2616 1132 2698 ‹quotidie
1146 2637 1222 2680 uero

264 2705 294 2767 in
313 2719 419 2782 egenos
441 2698 471 2760 δι
485 2696 585 2789 palam
598 2697 740 2771 multa,
786 2695 896 2761 secreto
907 2697 1006 2759 multo
1025 2697 1119 2763 etiam
1153 2697 1220 2759 'luta

255 2781 390 2849 oonserte
406 2800 464 2842 non
482 2778 669 2840 intermittis.
689 2779 759 2838 Duo
772 2792 873 2837 tamen
888 2776 948 2839 dies
962 2777 997 2842 in
1008 2796 1047 2840 ea
1059 2796 1120 2860 qua
1131 2800 1141 2839 1
1152 2777 1217 2841 duo

263 2863 375 2933 maiora
387 2859 490 2942 gloria
505 2859 579 2918 Tuae
593 2858 751 2918 'luminatia
764 2855 942 2937 :splendidius
955 2857 1068 2918 micant
1086 2879 1095 2928 3
1116 2877 1218 2919 eorum

263 2945 338 3006 alter
350 2939 411 3016 cll,
426 2958 498 3000 cum
513 2956 542 2998 es
558 2939 661 2997 Prince
681 2953 845 3008 screatus,
861 2957 927 3018 quo
943 2937 989 2997 die
1008 2937 1070 3016 [ut
1088 2956 1164 2995 nunc
1185 2957 1218 2995 o-

262 3023 385 3085 mittam
399 3018 584 3099 ·captivorum
598 3016 639 3076 m'
665 3035 779 3089 ionem,
821 3035 863 3076 uae
879 3016 915 3076 de
931 3036 1011 3076 more
1027 3015 1160 3094 gentium
1177 3011 1219 3074 sa·

258 3101 361 3165 ditari
385 3096 484 3178 solet]
509 3115 614 3156 omnes
633 3094 789 3154 familiares
840 3114 891 3155 uos
909 3137 918 3167 ,
934 3093 1048 3155 multos
1071 3091 1161 3151 etiarn
1182 3110 1219 3152 ex

262 3180 387 3244 Civibus
401 3179 478 3240 Tuis
495 3174 584 3256 gratis
600 3171 798 3251 locupletasti,
812 3191 884 3232 cum
901 3172 975 3233 alios
988 3168 1104 3250 ptaediis
1121 3213 1130 3244 ,
1146 3169 1219 3230 aedi·

262 3259 314 3324 bus
331 3260 423 3334 alios,
442 3254 576 3338 praesenti
590 3252 715 3333 pecunia
726 3251 823 3325 alios,
841 3251 919 3314 alios
935 3250 1000 3311 aliis
1013 3247 1225 3335 nobilissimis„

256 3362 294 3404 ac
309 3340 358 3402 Te
373 3337 499 3399 Hercule
514 3331 685 3416 digniffimis
698 3329 869 3393 muneribus
894 3328 1056 3409 prosecutus
1072 3349 1103 3391 es
1118 3374 1126 3390 .
1155 3329 1217 3411 Ho-

263 3421 379 3484 diemus
396 3434 494 3479 autem
511 3415 572 3475 dies
587 3415 709 3474 alterum
724 3411 794 3471 vitae
808 3426 866 3472 tuae
881 3410 1026 3470 ‘luminare
1041 3407 1099 3486 cst,
1115 3410 1145 3494 in
1177 3431 1216 3472 uo

260 3520 297 3565 cx
310 3500 367 3562 isla
383 3499 451 3559 Tua
466 3496 558 3556 animi
576 3490 796 3555 mansuetudine
819 3488 977 3565 inaudita,
993 3506 1086 3574 atque
1100 3489 1135 3572 in·
1174 3506 1217 3552 ta-

261 3597 293 3643 ta
312 3577 470 3641 clementia
498 3591 613 3637 tantum
635 3590 690 3635 tuae
710 3572 810 3654 gloria
838 3570 993 3651 splendoris
1010 3569 1152 3645 accessit,
1177 3587 1216 3633 ut

262 3661 346 3723 nulla
363 3654 725 3736 temporis'longinquitas
743 3696 752 3727 ,
773 3650 855 3712 nulla
874 3650 1031 3712 hominurn
1052 3646 1167 3713 oblivio·
1183 3646 1215 3732 id

260 3741 294 3802 sit
316 3757 450 3821 unquam
466 3734 671 3809 obscuratura,
687 3750 759 3794 cum
780 3748 845 3794 tuat
866 3729 1065 3823 gravissimas,
1078 3727 1215 3868 ἐαξη-

258 3819 408 3904 quiffimas
424 3814 548 3887 ‚injurias
571 3815 599 3877 ei
619 3813 693 3878 hosti
707 3808 898 3954 *condonsssln
918 3813 970 3896 qui
990 3804 1118 3894 [sapius
1126 3809 1216 3947 dirim

406 3920 410 3933 ι
877 3913 893 3969 4
1128 3939 1131 3947 Α
1151 3905 1176 3945 1·
