3000 4559
310 558 376 629 erge
393 546 494 629 ipseem
498 554 610 625 gratum
624 584 634 615 ‚
655 537 695 602 (J
714 560 853 600 memorem
862 536 1012 622 probaret,
1032 560 1096 602 cnm
1115 540 1200 604 omni
1217 535 1281 602 stu·

279 655 280 658 ¹
313 629 390 702 dio,
412 645 446 689 nc
481 619 678 686 rudentiffirno
693 620 812 680 confilio
827 619 880 682 suo
895 622 971 702 apud
993 621 1152 684 Herculem
1172 665 1183 697 ‚
1201 640 1237 681 ur
1253 621 1288 684 in

308 708 364 790 pse
388 709 460 768 Bure
492 705 602 765 lomaeus
622 700 735 761 Riccius
754 701 826 774 aie,
855 720 916 762 rem
946 700 1189 776 Ferrariensem,
1217 699 1277 762 hoc

312 787 379 861 est,
399 783 551 847 semirutis
572 780 626 842 suae
648 777 963 842 honoriricentiffimam
992 780 1122 862 quietem
1143 780 1176 842 δι
1194 778 1276 854 diu,

314 864 347 928 &
362 864 482 927 fortiter
502 859 691 936 sustinuerit,
712 860 881 922 &tandem
902 858 1075 923 confecerit.
1163 922 1165 927 ,

366 1018 460 1086 v111.
478 1023 612 1098 Oratio,
631 1040 690 1102 qua
710 1016 857 1102 Principes
877 1019 1034 1083 Christiani
1055 1020 1224 1084 excitantur

322 1148 328 1155 -
431 1102 469 1165 ad
486 1123 568 1165 arma
584 1102 696 1162 summa
711 1102 877 1162 animorum
901 1099 1105 1169 conjunffione
1122 1102 1154 1161 in
1245 1128 1248 1137 ·

553 1179 717 1244 Tuscarum
741 1181 855 1262 Regem
876 1180 1032 1244 sumenda.

391 1346 433 1406 Uo
451 1342 488 1405 de
505 1339 640 1424 oilogima
659 1363 746 1402 annos
765 1359 850 1402 natus
870 1339 1085 1402 Bartholomaeus
1104 1340 1218 1401 Riccius
1237 1339 1277 1402 ud

402 1422 602 1484 declarandum
621 1421 744 1482 animum
758 1421 845 1498 suum
865 1442 928 1482 cnm
946 1420 1121 1499 bonesrffima
1150 1419 1274 1498 cauffo,

306 1523 396 1584 eaque·
412 1499 662 1579 christianissima,
682 1500 924 1579 conjuniiiffimum
940 1501 1099 1561 Orationem
1117 1497 1190 1562 hanc
1204 1522 1277 1561 com·

302 1581 423 1676 posuit,
451 1582 492 1645 (⁴2¹
510 1583 562 1642 Pio
581 1585 613 1642 V.
640 1577 769 1655 Pontsiei
795 1581 924 1642 Maximo
944 1580 1069 1641 dicavit.
1099 1581 1173 1639 Cum
1202 1579 1276 1638 enim

308 1664 443 1738 videret,
467 1663 570 1742 Regem
590 1657 734 1722 Thracum
762 1662 816 1721 vix
836 1685 856 1720 a
876 1657 1019 1734 Melitenss
1034 1656 1169 1732 obsidione
1187 1659 1222 1720 di
1236 1679 1274 1718 ce·

307 1741 419 1804 dentem
447 1741 546 1802 iterum
575 1740 606 1801 in
626 1739 813 1819 Chrislianam
842 1743 938 1822 Remp.
957 1738 1062 1817 rabinse
1081 1739 1205 1817 inferri,
1234 1739 1273 1801 (θ’

308 1821 341 1882 in
359 1822 534 1882 Pannoniam
562 1819 652 1885 multe
669 1821 784 1899 majores
810 1821 901 1898 copias
922 1820 962 1880 ad
980 1842 1084 1880 novum
1103 1816 1212 1879 bellum
1231 1819 1275 1878 in·

300 1901 450 1979 suendum
468 1901 616 1981 trajicere,
644 1917 727 1980 atque
746 1898 912 1978 Cbrrslianis
931 1923 1016 1960 unam
1038 1916 1149 1960 tantum
1170 1919 1273 1961 mercor·

306 1981 387 2042 diam
405 1979 447 2042 ad
465 1997 574 2042 tantum
598 1979 696 2058 hosiem
723 1976 945 2042 contundendam
973 1977 1119 2054 desiderari
1137 1979 1274 2060 perspice·

305 2078 370 2136 tet,
390 2060 430 2122 ad
448 2058 519 2123 hanc
538 2082 623 2120 unam
642 2061 673 2120 in
688 2061 790 2141 primis
808 2061 878 2123 inter
891 2060 925 2136 se
944 2059 1148 2122 conciliandam
1168 2080 1214 2117 eos
1224 2059 1273 2140 pie

303 2135 469 2209 cohortatur.
499 2140 625 2215 Osiendit
645 2140 765 2220 itaque,
789 2139 923 2215 sinere,
951 2157 1034 2219 atque
1063 2136 1220 2212 Cbrisliane
1241 2139 1270 2198 in

304 2217 387 2296 isicem
406 2219 644 2298 crudeliffimum,
671 2243 705 2281 ac
720 2219 918 2301 sempiternum
947 2217 1045 2294 basiem
1059 2219 1146 2295 strum
1166 2219 1273 2299 conspi-

302 2313 387 2374 rent,
407 2297 448 2360 (θ’
468 2300 508 2360 ad
520 2296 667 2377 satsiiioris
682 2298 790 2378 sederis
804 2297 951 2372 firmiorem
973 2301 1101 2360 rationem
1125 2296 1271 2374 slabilien-
1349 2349 1353 2359 .

302 2376 370 2438 dam
389 2377 446 2456 ise
465 2399 571 2458 quoque
591 2386 721 2440 Summus
741 2380 870 2457 Pontifex
884 2375 973 2452 sidem
991 2423 1001 2450 ‚
1022 2397 1105 2458 atque
1123 2376 1270 2439 auilorita·
1352 2432 1353 2435 ,

301 2473 358 2517 tem
390 2479 457 2518 uam
477 2459 654 2539 interponat,
676 2481 719 2518 eos
733 2457 794 2533 fine
813 2457 897 2518 dubio
913 2459 1099 2535 atrociffimum
1116 2455 1217 2534 boslem
1232 2476 1269 2518 et·

301 2535 385 2611 iam,
405 2537 570 2617 quamsi,
590 2538 677 2618 duplo
693 2541 871 2618 potentiorem
886 2539 974 2614 sacile
986 2541 1165 2620 superaturos
1188 2557 1198 2618 3
1217 2554 1267 2619 pu·

299 2637 386 2696 gnare
406 2617 518 2697 quidem
538 2622 648 2680 Turcas
666 2617 792 2678 ardenter
806 2636 858 2699 pro
879 2618 1015 2698 imposiore
1036 2618 1185 2697 vaferrimo
1201 2622 1266 2678 Ma·

302 2694 434 2773 humero,
455 2695 494 2758 (Ψ
525 2695 652 2776 alsissrma
672 2697 826 2779 religione3
857 2717 1045 2759 verumtamen
1064 2698 1170 2776 eosdem
1191 2698 1269 2780 apud

303 2774 437 2839 Melitam
463 2777 493 2837 in
506 2777 584 2838 ulam
604 2781 732 2858 magnoni
760 2777 866 2840 cladem
885 2799 904 2837 a
923 2778 1088 2854 Christianis
1115 2781 1272 2861 acceprffm
1348 2806 1351 2811 ·

302 2875 392 2916 eornm
420 2859 522 2937 Regem
541 2857 713 2935 Principum
731 2855 945 2936 Christianorum
968 2859 1106 2935 discordia
1121 2858 1271 2939 potentiss·

301 2948 405 3013 mom,
433 2955 463 2996 at
483 2959 518 2997 ue
537 2935 667 2998 viiiorem
687 2936 829 2998 redditum
843 2939 951 3019 semper
963 2939 1076 3018 secisse,
1104 2935 1272 3016 consensione

301 3031 426 3091 temen,
513 3017 654 3084 concordia
681 3019 831 3079 eorumdem
850 3019 912 3097 ejus
926 3020 1103 3098 potentiam,
1133 3019 1173 3078 (9
1196 3020 1271 3078 vires

301 3091 444 3156 debilitari
459 3096 575 3174 ‚atque
593 3096 661 3155 adeo
677 3097 793 3177 penitus
807 3098 882 3179 poffe
901 3098 1018 3178 infringi
1035 3119 1045 3169 3
1065 3099 1219 3157 maximum
1238 3120 1271 3157 u·

300 3174 419 3250 nivetsae
437 3174 517 3254 Reip.
537 3172 695 3254 Cbrrsiianp
719 3198 754 3236 ex
774 3179 891 3245 Turcico
910 3175 982 3236 bello
1003 3177 1118 3236 exitium
1146 3178 1273 3237 immine·

298 3274 356 3325 τις
375 3257 470 3315 Deum
490 3271 584 3314 tamen
604 3254 682 3316 illud
694 3257 784 3335 facile
802 3256 981 3338 depulsurum
998 3278 1008 3328 3
1037 3254 1156 3316 victorie
1170 3273 1272 3337 preter

264 3403 266 3407 7
292 3331 435 3411 summam
450 3333 569 3415 gloriam
588 3335 708 3413 ingentes
728 3334 807 3417 operi
822 3355 907 3417 atque
928 3336 1050 3397 divitias
1065 3338 1212 3417 premium
1228 3336 1271 3414 es·

290 3411 453 3503 sesuturas
469 3433 478 3483 3
504 3411 553 3475 hoc
572 3412 606 3474 ab
626 3415 691 3496 ipſse
707 3416 827 3498 populos
853 3417 989 3497 exposcere
1005 3437 1017 3486 ,·
1047 3415 1096 3476 hoc
1107 3414 1187 3490 filios
1206 3419 1270 3499 jure

299 3490 443 3571 equrffim
459 3492 597 3573 postulare
613 3514 622 3567 3
642 3494 690 3559 hoc
711 3495 793 3557 bonos
813 3518 931 3571 omnes,
956 3513 1080 3575 pueros,
1093 3496 1201 3574 senes,
1221 3497 1270 3556 vi·

297 3591 367 3646 ros,
386 3569 511 3633 mulieres
532 3596 648 3656 rogare,
669 3594 752 3657 atque
771 3574 895 3636 omnibus
947 3574 1039 3636 ecibus
1059 3598 1150 3652 orare,
1168 3575 1220 3640 hoc
1236 3600 1270 3637 u·

296 3650 437 3743 nioersam
453 3671 560 3734 gentem
579 3652 793 3732 chisianum,
815 3591 970 3718 sacerdiies
989 3656 1122 3735 cuiusque
1141 3657 1270 3732 ordinis,

296 3730 429 3809 cujusque
447 3736 551 3814 generis
573 3733 704 3811 obsecrare
722 3781 733 3814 ‚
751 3755 836 3814 atque
857 3732 980 3815 obtesiari
991 3780 1001 3811 ,
1022 3735 1162 3813 Christum
1182 3737 1266 3797 deni·

297 3830 351 3889 qne
370 3811 460 3891 ipfirm
473 3813 625 3896 flagitare.
707 3832 710 3837 '
1167 3888 1184 3956 Ι
