3000 4559
537 480 564 542 0
583 484 611 543 R
630 485 659 542 A
681 484 711 544 Τ
730 484 749 543 Ι
764 484 792 542 0
813 485 848 543 Ν
864 484 889 543 Ε
910 486 947 545 S.

263 578 370 623 omnes
389 557 533 622 officiosos
552 561 711 643 superavit.
732 562 794 623 Hic
817 563 942 643 scripto,
961 563 1134 644 bicprasens
1149 606 1159 638 ,
1175 560 1225 626 bie

262 639 296 701 in
320 641 422 712 Urbe,
444 642 490 702 bic
506 637 575 702 soris
592 641 727 703 omnibus
744 641 844 722 praesto
861 642 945 705 affuit
960 683 969 717 ‚
990 642 1065 705 nutri
1082 661 1222 725 umquam

264 717 379 790 desuit3
396 719 508 781 tametsi
525 721 618 782 altera
631 740 749 803 quoque
766 721 946 782 liberalitatis
964 734 1044 801 parte
1054 740 1115 782 non
1129 741 1225 781 omm-

263 799 422 861 nocaruit.
443 800 509 861 Scio
526 802 598 861 item
613 812 687 881 ego,
709 819 777 860 cum
794 820 847 880 pro
862 800 990 882 quodam
1007 799 1074 874 suo,
1096 819 1148 880 pro
1163 818 1223 881 quo

262 878 291 941 is
312 879 400 941 fidem
422 878 501 940 suam
523 881 676 941 mercatori
699 879 815 941 cuidam
836 879 1050 954 obstrinxerat,
1102 880 1225 1017 uinp‘ua·

264 959 354 1040 ginta
377 978 512 1021 nummos
537 979 663 1034 aureos,
690 959 776 1041 idque
792 959 830 1021 ab
844 979 932 1022 uxore
949 960 998 1021 sua
1013 1004 1023 1034 ,
1040 899 1156 1020 disolvi
1178 973 1224 1032 et,

265 1058 315 1100 eos
341 1058 491 1122 nunquam
514 1039 613 1120 postea
634 1037 671 1099 ab
694 1039 746 1100 illo
769 1039 976 1121 repoposcisse.
1004 1038 1100 1108 Hujus
1125 1055 1225 1100 autem

264 1117 450 1259 prudentiam
477 1120 532 1180 boc
557 1120 622 1180 loco
646 1117 774 1199 pluribus
796 1113 1044 1210 non'persequar.
1066 1118 1100 1179 Id
1116 1122 1223 1195 enim,

290 1199 426 1280 tinceps,
450 1198 504 1259 tibi
528 1199 595 1260 satis
618 1197 760 1273 habebis,
786 1199 865 1279 quod
882 1219 914 1261 m
929 1219 964 1260 eo
988 1198 1076 1260 toties
1089 1215 1226 1280 expertus

267 1296 313 1351 es,
331 1281 384 1359 qui
393 1280 420 1340 ei
429 1298 472 1339 ret
480 1278 659 1358 gravissimas
668 1278 800 1360 quotidie
816 1277 1039 1354 commisrsti‚in
1047 1277 1151 1359 quibus
1169 1277 1225 1340 tibi

270 1358 485 1436 prudentiffime
509 1357 694 1419 conficiendis
716 1375 798 1421 tuam
820 1359 1019 1438 opinionem,
1040 1356 1227 1420 suametiam

266 1452 384 1498 atatem
401 1436 485 1497 facile
501 1435 667 1517 superabat3
685 1437 807 1501 issivero
825 1438 894 1498 scire
917 1453 946 1498 te
969 1438 1029 1508 ejus
1045 1456 1148 1517 opera,
1173 1437 1230 1498 ssu-

266 1514 375 1596 dioque
397 1515 502 1576 affidue
527 1518 608 1577 usum
633 1517 709 1592 esse,
730 1537 764 1579 ec
788 1517 808 1576 si
832 1516 941 1577 diutius
964 1515 1095 1591 vixisset,
1115 1517 1225 1577 diutius

265 1596 356 1655 etiam
374 1597 424 1655 esse
441 1595 571 1656 usurum.
587 1599 667 1657 Nam
684 1598 704 1657 sr
721 1597 804 1667 hujus
820 1596 974 1676 prudenter
989 1593 1084 1670 dieta,
1101 1616 1134 1657 ac
1148 1592 1226 1657 saeta

266 1673 379 1753 singula
404 1674 580 1751 recenseam,
603 1692 666 1738 tota
690 1675 775 1746 hujus
799 1676 869 1737 attae
893 1677 961 1738 vitae
978 1677 1054 1737 ratio
1070 1676 1126 1737 huc
1142 1695 1225 1737 revo-

267 1754 358 1814 canda
373 1753 427 1814 est.
449 1753 535 1816 Nihil
552 1757 632 1816 enim
648 1776 708 1816 non
724 1757 839 1817 summo
854 1756 973 1818 consilio
989 1756 1125 1835 suscepit,
1146 1755 1223 1816 nihii

267 1831 375 1893 summa
397 1853 463 1894 cum
489 1834 643 1916 diligentia
657 1856 717 1897 non
733 1835 899 1912 trasiavit,¹
919 1835 994 1898 nihil
1010 1855 1077 1897 cum
1093 1834 1225 1898 maxima

268 1913 418 2049 prudentia
433 1935 491 1975 non
508 1914 649 1991 confecit,
673 1915 814 1978 absolvit.
836 1915 963 1977 Tametsi
981 1916 1010 1977 id
1028 1936 1145 1997 quoque
1162 1936 1224 1976 non

281 2010 329 2054 eve
344 1993 427 2062 buius
444 1993 639 2056 testimonium
656 1996 704 2056 vel
721 1998 817 2057 omnis
842 1996 1018 2076 integritatis
1034 1995 1087 2056 esse
1113 1994 1224 2075 potest,

268 2073 343 2151 quod
359 2071 395 2132 ab
418 2093 453 2133 eo
470 2074 545 2134 Viro
562 2067 708 2135 institutus
725 2075 777 2148 srt,
798 2076 850 2155 qui
865 2074 1005 2157 quamdiu
1022 2075 1098 2136 vixit
1114 2119 1123 2149 ,
1139 2074 1179 2134 ab
1192 2093 1226 2134 o-

268 2150 381 2213 mnibus
405 2173 424 2213 o
446 2153 515 2212 time
540 2153 681 2226 audivit,
704 2169 837 2214 mortuus
860 2169 957 2215 autem
981 2153 1062 2232 quasi
1105 2174 1138 2212 ro
1162 2155 1227 2213 Deo

266 2230 385 2295 colitur.
435 2252 454 2291 x
470 2231 622 2311 Pistophili
640 2233 718 2291 enim
736 2231 805 2292 ludo
822 2233 897 2292 hunc
914 2231 1015 2305 exisse,
1030 2247 1063 2290 ut
1079 2173 1228 2303 dicebam,

268 2311 358 2379 maius
380 2330 411 2369 ar
434 2325 585 2370 umentum
609 2309 692 2378 hujus
717 2310 873 2390 prudentiae
890 2327 977 2389 prope
1001 2308 1115 2369 nullum
1132 2307 1227 2372 afferri

267 2389 382 2466 potest.
412 2330 563 2478 biquidem
589 2403 704 2449 tantum
731 2387 866 2464 intersit,
889 2388 941 2450 niu
964 2388 1055 2449 etiarn
1078 2388 1227 2450 interdum

265 2471 364 2530 multo
381 2487 494 2548 magis,
509 2487 526 2528 a
541 2488 601 2550 quo
637 2468 682 2529 uit
698 2468 847 2530 institutus
864 2466 924 2543 fir,
962 2483 1083 2530 uantum
1100 2468 1190 2530 etiam
1208 2488 1229 2530 a.

266 2549 587 2635 quoquisprocreatus.
630 2548 718 2610 uncis
728 2547 849 2627 suscepit
865 2487 1225 2624 adoldcentulummsuit,

267 2628 409 2701 :nstituit‚
432 2627 570 2690 baeredem
589 2629 712 2689 moriens
730 2649 765 2688 er
782 2626 963 2690 Bibliotheca
979 2627 1029 2689 sua
1045 2628 1170 2708 scripsit,
1190 2629 1224 2691 in

267 2707 431 2788 quaomnia
447 2706 496 2768 sua
510 2707 628 2770 conblia
644 2708 693 2770 sua
710 2727 801 2770 manu
816 2707 935 2790 reliquit
950 2705 1110 2788 conscripta
1125 2751 1137 2784 ,
1153 2722 1185 2769 ut
1201 2709 1223 2772 si

268 2786 346 2848 nulla
361 2786 411 2848 sua
428 2787 574 2849 Fertinius
590 2786 886 2869 prudentiaprobatus
901 2787 954 2864 fir,
969 2788 1026 2850 hoc
1042 2804 1140 2850 tamen
1159 2804 1227 2850 tan·

268 2865 290 2926 ti
305 2866 372 2928 Viri
389 2865 554 2928 testimonio
571 2887 742 2950 magnopere
765 2868 964 2930 commendari
979 2868 1083 2930 necesse
1102 2868 1152 2939 s1t3
1173 2870 1222 2930 cui

269 2947 430 3010 testimonio
454 2945 491 3007 stc
516 2947 563 3006 hic
579 2961 675 3008 tamen
700 2949 733 3008 in
757 2947 817 3008 dies
834 2949 929 3029 magis
945 2946 1149 3028 respondebat,
1172 2962 1227 3022 ut,

269 3041 363 3088 utrum
381 3024 474 3096 majus
493 3025 545 3098 sit,
560 3025 637 3104 quod
654 3028 815 3106 acceperit,
834 3048 872 3088 an
887 3026 967 3108 quod
984 3026 1157 3097 reddiderit,
1180 3044 1222 3084 re·
1278 3041 1281 3046 ·

268 3103 310 3166 tte
324 3103 493 3167 dubitetur.
514 3105 635 3178 Quanta
650 3123 720 3165 vero
738 3106 800 3165 iaus
817 3106 848 3164 in
865 3125 924 3167 una
938 3105 1071 3165 amicitia
1087 3102 1222 3182 ponenda

267 3183 315 3261 sit,
331 3185 478 3246 neminem
495 3182 617 3245 arbitror
633 3182 756 3258 nescire,
775 3203 835 3265 qua
849 3203 908 3245 una
932 3181 967 3242 de
990 3180 1106 3242 Mundo
1130 3180 1224 3244 subla·

266 3277 312 3340 ta,
334 3280 367 3326 ut
386 3280 468 3326 totus
483 3262 616 3326 Mundus
631 3263 769 3336 tollatur,
788 3262 895 3323 necesse
911 3260 966 3323 est.
988 3261 1055 3321 Hac
1079 3280 1136 3322 una
1152 3261 1222 3323 Fer·

263 3344 353 3406 tinius
370 3343 463 3406 noster
479 3363 546 3404 cum
563 3341 663 3417 domi,
682 3339 825 3403 tumforis
840 3341 994 3404 illustrium
1004 3338 1142 3402 Virorum
1159 3362 1222 3407 ma·

263 3424 343 3485 xime
358 3421 476 3485 floruit·
495 3422 532 3483 In
549 3421 627 3484 Urbe
643 3422 723 3482 enim
740 3421 897 3482 Primarios
920 3420 971 3482 fibi
986 3420 1121 3482 omnibus
1135 3421 1220 3485 bene·

261 3503 398 3566 volentia
427 3503 551 3564 vinculis
581 3500 796 3576 coniunxerat,
824 3500 1006 3576 Tassonios,
1032 3500 1223 3580 contrarios,

261 3580 402 3656 Troum,
423 3581 620 3663 Bivilaquios‚
641 3580 868 3663 Calcagninios,
890 3582 1052 3658 Areosiios‚
1074 3583 1221 3658 Mustios,

260 3660 436 3726 Costobilios
456 3705 465 3735 ,
482 3662 642 3738 Sacratios,
666 3661 838 3744 caeterasque
854 3659 1038 3723 nobilissimas
1056 3663 1215 3733 Familiam

260 3739 332 3804 soris
348 3757 449 3804 autem
464 3740 635 3818 Cornelios,
657 3741 696 3803 Pe
717 3741 810 3816 ulios,
832 3740 1007 3817 Malvetios,
1029 3742 1222 3822 Rangonios,

260 3820 399 3896 Turius,
426 3819 654 3902 Martinengos‚
711 3821 874 3899 iscontios‚
902 3820 1126 3884 innumerabiles
1137 3819 1221 3906 ‘alias

1088 3913 1180 3958 tortus

1237 3962 1335 4066 Ι
