3000 4559
335 645 338 648 -
414 602 473 674 111.
492 599 625 672 Defensio
642 599 868 679 Manfroniana,
884 595 948 678 sive
966 599 1140 684 Deprecatio
1159 618 1216 684 pm

632 686 676 758 lo
698 684 791 747 Paulo
811 681 997 746 Manfronio.

403 851 457 909 Um
469 851 517 927 Jo.
538 846 648 907 Paulus
669 846 874 923 Mursianus,
895 845 947 924 qui
965 846 1089 904 maxima
1108 841 1299 919 necessitudine

417 949 480 988 cum
499 926 616 989 Hercule
635 928 671 985 ΙΙ.
692 925 823 987 Ferrariae
843 927 924 986 Duce
944 923 1105 1003 conjunsius
1123 941 1198 996 erat,
1216 943 1298 1000 eoque

324 1007 510 1086 familiariter
529 1004 684 1080 utebatur,
708 1005 742 1064 'its
755 1004 938 1084 suspicionem
966 1003 1113 1084 vent'ffet,
1142 1001 1298 1060 abeodem

323 1089 410 1164 srsroti
432 1087 492 1163 srtae
512 1087 608 1147 viduae
620 1088 765 1145 Matronae
779 1082 967 1165 pulcherrima
986 1129 995 1158 ,
1015 1084 1061 1144 cui
1080 1105 1174 1141 nomen
1195 1077 1299 1157 lsabel·

332 1167 389 1241 la,
410 1164 515 1225 vitium
534 1163 657 1225 oblatum
675 1165 753 1243 esse,
780 1162 902 1243 qualibet
922 1165 1024 1223 ratione
1050 1163 1146 1223 vitant
1168 1161 1255 1222 ‘Daci
1274 1181 1300 1218 e·

331 1247 416 1324 ripere
429 1246 502 1324 sape
523 1246 636 1306 molitus
655 1244 707 1321 esi.
719 1248 803 1303 'Cum
822 1261 913 1303 autem
932 1244 994 1321 ejus
1012 1242 1117 1315 infidia
1130 1241 1241 1322 semper
1255 1239 1300 1300 de·

331 1325 406 1384 tet‘iae
419 1324 537 1403 fuissent
554 1370 563 1401 ,
582 1345 616 1384 ac
630 1330 773 1405 pispterea
791 1325 892 1404 capitis
909 1324 1104 1384 condensnatur
1118 1322 1206 1398 effer,
1229 1325 1299 1380 Bar»

330 1403 485 1464 tholomeus
513 1404 625 1466 Riciius
643 1405 705 1482 ejus
731 1403 853 1484 caussam
880 1403 1064 1483 perorandam
1079 1401 1245 1481 suscepit„
1261 1399 1300 1460 (θ’.

330 1506 418 1544 coram
445 1483 537 1544 eadem
565 1487 645 1546 Duce
660 1484 767 1560 sirenue
795 1483 936 1560 desenditt
963 1480 1082 1543 Exhibet
1108 1482 1203 1561 itaque
1225 1501 1298 1541 rem

331 1565 367 1627 de
385 1586 515 1640 veneno,
543 1563 584 1626 (9¹
603 1565 639 1624 de
658 1565 728 1624 cade
748 1563 845 1623 multis
873 1563 904 1624 in
924 1563 994 1624 locis
1014 1562 1141 1642 Principi
1160 1560 1216 1636 suo
1238 1582 1298 1622 tort·

327 1643 428 1720 siituta
441 1643 499 1719 sara
512 1644 636 1724 sponte,
656 1643 745 1703 nullis
764 1640 902 1704 adhibitis
921 1643 1085 1717 tormentis,
1107 1637 1298 1714 coafiterstemc

332 1740 479 1801 utrumque
500 1723 724 1800 fielur.tantum
743 1721 804 1803 effe
819 1724 950 1799 fatetur,
978 1740 1037 1798 ut,
1059 1720 1168 1796 fiscus
1197 1720 1249 1781 vel
1269 1719 1308 1798 in„

332 1802 441 1863 culeum
462 1819 604 1883 tamquam
620 1801 763 1883 parricida
790 1804 940 1880 insuatur,
971 1803 1021 1862 vel
1038 1820 1117 1861 tauro
1136 1817 1206 1860 eaeo
1226 1793 1299 1860 ledi·

332 1898 372 1940 ter
385 1879 520 1958 succense
541 1879 653 1960 ignibus
674 1900 830 1959 torreatur,
860 1882 910 1942 vel
929 1881 986 1942 alio
1007 1879 1128 1962 quolibet
1142 1881 1222 1958 soedo
1237 1923 1248 1955 ,
1266 1900 1301 1940 aa.

332 1978 399 2020 tetra
423 1983 520 2040 genere
538 1962 657 2036 mortis,
686 1963 725 2023 (9
747 1984 842 2037 novo,
871 1985 905 2024 ac
933 1960 1064 2038 inusitato
1093 1961 1217 2035 aradam
1246 1978 1298 2019 tar·

373 2059 470 2117 eatur,
494 2064 648 2121 numquam
662 2042 737 2118 sctis
754 2059 842 2123 poenae
863 2042 967 2122 dedisse
987 2043 1082 2103 videri
1098 2040 1191 2122 posit.
1221 2041 1300 2100 Duo·

331 2062 382 2179 biis
403 2121 493 2182 modis
511 2121 633 2198 injurias
653 2123 749 2198 inserti
770 2122 910 2197 oslendit,
929 2145 983 2182 uno
1005 2125 1055 2196 vi,
1070 2121 1174 2198 fraude
1194 2119 1299 2188 altere,⁸

325 2199 495 2280 posieriorem
515 2201 602 2261 multo
622 2199 825 2283 flagitiosorum
845 2202 898 2282 effe
917 2242 927 2275 ,
957 2203 997 2262 (Ὺ
1015 2201 1115 2280 majori
1135 2201 1254 2279 dignum
1272 2221 1300 2256 a·

331 2279 377 2340 dio
392 2299 455 2355 ,ac
475 2277 634 2352 vindibia5
663 2300 767 2360 quanto
787 2303 851 2341 vero
872 2281 908 2341 vi
927 2282 1018 2340 tetrior
1046 2279 1083 2356 esl
1103 2279 1210 2353 dolus,
1240 2297 1300 2340 tan·

328 2376 358 2417 to
377 2381 514 2422 venenum
530 2360 649 2439 reliquis
664 2358 818 2438 sraudibus
839 2359 962 2420 omnibus
977 2363 1028 2439 effe
1041 2359 1222 2437 sceleratius,
1239 2379 1301 2419 cum

330 2456 427 2500 cetere
447 2461 537 2498 omnes
557 2437 662 2513 infidia
680 2438 859 2578 desenfionem
879 2440 1004 2519 aliquam
1023 2436 1122 2499 habere
1137 2437 1253 2517 possim,
1270 2438 1301 2497 in

330 2541 434 2578 veneno
463 2535 555 2576 autem
577 2518 643 2578 dato
665 2519 747 2580 nula
776 2520 854 2595 vis,
885 2521 996 2579 nullum
1009 2518 1198 2613 presidium,
1219 2516 1302 2578 nulla

331 2596 598 2674 defenso-„nullus
615 2598 697 2674 casis
725 2598 890 2678 opituletur.
920 2599 1058 2678 Principis
1087 2598 1217 2659 Herculis
1233 2612 1300 2676 pru·

330 2676 454 2737 dentiam
474 2674 612 2746 Gentibus
631 2675 756 2737 omnibus
775 2679 806 2737 in
828 2677 906 2738 rebus
925 2678 1047 2740 omnibus
1069 2677 1133 2752 five
1149 2675 1301 2758 publicis,

326 2753 391 2830 siue
406 2756 535 2837 privatis·
559 2759 680 2816 matiime
702 2755 870 2838 perspeiiam
899 2759 980 2837 effe,
1008 2759 1146 2838 jusiitiam
1160 2757 1303 2836 percogni-

232 2890 235 2895 ,
333 2853 392 2895 tarn
408 2879 417 2910 ,
436 2835 645 2916 tauperantiam
666 2837 867 2917 exploratam
892 2839 1069 2916 sortimdinis
1091 2838 1231 2918 specimen
1250 2834 1302 2896 hac

334 2913 367 2974 in
386 2914 479 2994 cauffo
499 2917 629 2978 dandum
648 2915 699 2996 effe
710 2917 750 2981 iu
770 2917 900 2978 vindiiia
919 2917 970 2995 isla
990 2918 1137 2998 aquiffima
1161 2920 1222 2977 Deo
1242 2937 1304 2977 con·

333 2994 490 3068 donanda,
520 2994 734 3057 incontinentia
759 3014 863 3071 tanta,
892 3015 1006 3077 tamque
1025 2997 1100 3076 jusla
1128 2996 1303 3070 iracundia,

335 3071 368 3133 ab
387 3075 469 3154 tusus
485 3074 694 3142 ,laudens-'curn
706 3080 709 3086 ’
721 3080 756 3136 C.
778 3078 883 3152 Castore
910 3095 1083 3158 comparatus
1103 3075 1250 3155 perpetuis
1276 3096 1303 3132 o-

336 3153 657 3230 mnium:·Hisloridtsttm
674 3153 947 3217 commendationibus
970 3153 1190 3238 predicabitstr,
1219 3172 1303 3234 atque

334 3233 402 3295 adeo
422 3231 476 3313 ipst
492 3250 680 3314 anteponetur.
695 3231 759 3303 ²Ubi
776 3253 869 3294 autem
889 3259 963 3296 reum
983 3234 1111 3295 omnibus
1126 3234 1303 3308 Advocatis,

336 3311 462 3372 omnibus
491 3314 644 3389 Patronis,
667 3315 831 3395 propinquis
842 3317 902 3392 sere
921 3314 1048 3376 omnibus
1076 3314 1238 3392 desiitutum
1257 3314 1303 3373 de·
1328 3331 1330 3334 ·

336 3391 522 3469 monsravit,
543 3410 623 3452 tanta
644 3398 708 3453 uero
730 3395 901 3474 turpitudine
919 3394 1039 3473 caussa,
1070 3413 1129 3454 tam
1142 3391 1304 3474 flagitiose,

337 3489 399 3531 tam
419 3473 493 3531 omni
511 3472 637 3534 dedecore
653 3474 738 3552 pleita
761 3474 911 3551 onustum,
942 3493 974 3533 ut
989 3497 1099 3534 amnem
1118 3475 1303 3552 eloquentiam

331 3550 422 3632 sutile
434 3552 564 3632 superare
586 3553 689 3634 poffit,
708 3554 781 3614 duas
801 3552 977 3630 nobiliffimas
997 3557 1022 3613 F
1023 3556 1162 3628 seminas,
1186 3554 1302 3611 alterans

336 3630 398 3704 e'us
417 3653 525 3691 uxorem
544 3634 731 3706 Lucretiam,
761 3632 877 3692 alteram
897 3631 981 3712 t‘pfius
1002 3634 1119 3710 sororem
1140 3631 1302 3711 Angelum,

330 3653 419 3790 plagit
438 3711 478 3771 ad
496 3713 558 3789 ejus
578 3711 788 3802 clementr‘ffi'mos
803 3713 898 3793 pedes.
906 3704 1055 3790 jacintes,
1078 3733 1169 3793 genua
1188 3712 1301 3771 circum·

336 3789 462 3873 plexas,
489 3791 554 3851 illos
573 3791 701 3869 lacrymis
730 3810 874 3874 rigantes,
902 3790 945 3850 lis
965 3792 1056 3869 (iscula
1082 3788 1228 3872 dnigentts
1249 3813 1300 3854 cre·

220 3886 275 4042 ι
1207 3867 1265 3931 c
