<?xml version="1.0" encoding="UTF-8"?>
<!DOCTYPE html PUBLIC "-//W3C//DTD XHTML 1.0 Transitional//EN"
    "http://www.w3.org/TR/xhtml1/DTD/xhtml1-transitional.dtd">
<html xmlns="http://www.w3.org/1999/xhtml" xml:lang="en" lang="en">
 <head>
  <title>
</title>
<meta http-equiv="Content-Type" content="text/html;charset=utf-8" />
  <meta name='ocr-system' content='tesseract 3.04.00' />
  <meta name='ocr-capabilities' content='ocr_page ocr_carea ocr_par ocr_line ocrx_word'/>
</head>
<body>
  <div class='ocr_page' id='page_1' title='image "./operumtomusprim00riccgoog/operumtomusprim00riccgoog_0076.png"; bbox 0 0 3000 4559; ppageno 0'>
   <div class='ocr_carea' id='block_1_1' title="bbox 222 480 1343 4074">
    <p class='ocr_par' dir='ltr' id='par_1_1' title="bbox 222 480 1343 4074">
     <span class='ocr_line' id='line_1_1' title="bbox 280 480 1042 551; baseline -0.014 1"><span class='ocrx_word' id='word_1_1' title='bbox 280 529 284 537; x_wconf 94' lang='lat'>-</span> <span class='ocrx_word' id='word_1_2' title='bbox 377 490 415 551; x_wconf 91' lang='lat'>18</span> <span class='ocrx_word' id='word_1_3' title='bbox 596 484 848 549; x_wconf 77' lang='lat' dir='ltr'>B&#39;ARTHOL.</span> <span class='ocrx_word' id='word_1_4' title='bbox 877 480 1042 542; x_wconf 78' lang='lat' dir='ltr'>Riccss</span> 
     </span>
     <span class='ocr_line' id='line_1_2' title="bbox 236 554 1299 645; baseline -0.021 -7"><span class='ocrx_word' id='word_1_5' title='bbox 236 622 239 638; x_wconf 85' lang='grc'><strong>.</strong></span> <span class='ocrx_word' id='word_1_6' title='bbox 335 588 439 645; x_wconf 45' lang='lat' dir='ltr'>euresp</span> <span class='ocrx_word' id='word_1_7' title='bbox 452 567 516 630; x_wconf 84' lang='lat' dir='ltr'>suos</span> <span class='ocrx_word' id='word_1_8' title='bbox 537 565 621 629; x_wconf 88' lang='lat' dir='ltr'>fasces</span> <span class='ocrx_word' id='word_1_9' title='bbox 643 565 730 627; x_wconf 92' lang='lat' dir='ltr'>habet</span> <span class='ocrx_word' id='word_1_10' title='bbox 750 561 961 645; x_wconf 76' lang='lat' dir='ltr'>potentissimos</span> <span class='ocrx_word' id='word_1_11' title='bbox 982 605 991 637; x_wconf 89' lang='lat'>,</span> <span class='ocrx_word' id='word_1_12' title='bbox 1014 557 1119 643; x_wconf 82' lang='lat' dir='ltr'>quibua</span> <span class='ocrx_word' id='word_1_13' title='bbox 1140 554 1299 621; x_wconf 84' lang='lat' dir='ltr'>tamenin</span> 
     </span>
     <span class='ocr_line' id='line_1_3' title="bbox 334 635 1298 730; baseline -0.015 -19"><span class='ocrx_word' id='word_1_14' title='bbox 334 650 457 713; x_wconf 84' lang='lat' dir='ltr'><strong>Civium</strong></span> <span class='ocrx_word' id='word_1_15' title='bbox 478 646 592 710; x_wconf 86' lang='lat' dir='ltr'>suorum</span> <span class='ocrx_word' id='word_1_16' title='bbox 614 646 712 708; x_wconf 84' lang='lat' dir='ltr'>uitam</span> <span class='ocrx_word' id='word_1_17' title='bbox 731 665 792 707; x_wconf 93' lang='lat' dir='ltr'>non</span> <span class='ocrx_word' id='word_1_18' title='bbox 814 643 970 717; x_wconf 86' lang='lat' dir='ltr'>abutitur,</span> <span class='ocrx_word' id='word_1_19' title='bbox 990 642 1021 702; x_wconf 95' lang='lat' dir='ltr'>in</span> <span class='ocrx_word' id='word_1_20' title='bbox 1044 659 1134 730; x_wconf 90' lang='lat' dir='ltr'>quam</span> <span class='ocrx_word' id='word_1_21' title='bbox 1156 659 1193 700; x_wconf 80' lang='lat' dir='ltr'>ex</span> <span class='ocrx_word' id='word_1_22' title='bbox 1212 635 1298 718; x_wconf 84' lang='lat' dir='ltr'>Legi-</span> 
     </span>
     <span class='ocr_line' id='line_1_4' title="bbox 335 715 1301 804; baseline -0.008 -13"><span class='ocrx_word' id='word_1_23' title='bbox 335 728 387 791; x_wconf 89' lang='lat' dir='ltr'>bus</span> <span class='ocrx_word' id='word_1_24' title='bbox 409 726 513 791; x_wconf 82' lang='lat' dir='ltr'>nosiria</span> <span class='ocrx_word' id='word_1_25' title='bbox 533 726 633 789; x_wconf 88' lang='lat' dir='ltr'>musto</span> <span class='ocrx_word' id='word_1_26' title='bbox 658 725 807 787; x_wconf 84' lang='lat' dir='ltr'><strong>mitiorem</strong></span> <span class='ocrx_word' id='word_1_27' title='bbox 827 742 947 804; x_wconf 81' lang='lat' dir='ltr'>poenam</span> <span class='ocrx_word' id='word_1_28' title='bbox 974 720 1165 784; x_wconf 86' lang='lat' dir='ltr'>conssttutam</span> <span class='ocrx_word' id='word_1_29' title='bbox 1188 715 1248 778; x_wconf 80' lang='lat' dir='ltr'>esse</span> <span class='ocrx_word' id='word_1_30' title='bbox 1269 736 1301 783; x_wconf 61' lang='lat' dir='ltr'>oa.</span> 
     </span>
     <span class='ocr_line' id='line_1_5' title="bbox 333 796 1302 884; baseline -0.014 -14"><span class='ocrx_word' id='word_1_31' title='bbox 333 829 418 871; x_wconf 81' lang='lat' dir='ltr'>mnes</span> <span class='ocrx_word' id='word_1_32' title='bbox 436 824 516 870; x_wconf 88' lang='lat' dir='ltr'>certo</span> <span class='ocrx_word' id='word_1_33' title='bbox 535 806 657 869; x_wconf 87' lang='lat' dir='ltr'>scimus.</span> <span class='ocrx_word' id='word_1_34' title='bbox 679 804 832 866; x_wconf 82' lang='lat' dir='ltr'>Hocnunc</span> <span class='ocrx_word' id='word_1_35' title='bbox 852 800 984 884; x_wconf 83' lang='lat' dir='ltr'>agebam,</span> <span class='ocrx_word' id='word_1_36' title='bbox 992 800 1125 873; x_wconf 86' lang='lat' dir='ltr'>Iudices.</span> <span class='ocrx_word' id='word_1_37' title='bbox 1145 796 1279 861; x_wconf 87' lang='lat' dir='ltr'>Sciebam</span> <span class='ocrx_word' id='word_1_38' title='bbox 1287 836 1302 872; x_wconf 87' lang='lat'>,-</span> 
     </span>
     <span class='ocr_line' id='line_1_6' title="bbox 333 878 1299 960; baseline -0.013 -10"><span class='ocrx_word' id='word_1_39' title='bbox 333 889 412 950; x_wconf 89' lang='lat' dir='ltr'>hunc</span> <span class='ocrx_word' id='word_1_40' title='bbox 433 887 536 951; x_wconf 86' lang='lat' dir='ltr'>locum</span> <span class='ocrx_word' id='word_1_41' title='bbox 555 887 627 960; x_wconf 86' lang='lat' dir='ltr'>esse,</span> <span class='ocrx_word' id='word_1_42' title='bbox 647 884 699 947; x_wconf 91' lang='lat' dir='ltr'>ubi</span> <span class='ocrx_word' id='word_1_43' title='bbox 719 883 805 947; x_wconf 85' lang='lat' dir='ltr'>vobis</span> <span class='ocrx_word' id='word_1_44' title='bbox 824 882 1016 954; x_wconf 72' lang='lat' dir='ltr'>objesiionem</span> <span class='ocrx_word' id='word_1_45' title='bbox 1039 881 1113 941; x_wconf 92' lang='lat' dir='ltr'>hanc</span> <span class='ocrx_word' id='word_1_46' title='bbox 1133 878 1299 951; x_wconf 81' lang='lat' dir='ltr'>diluerem,</span> 
     </span>
     <span class='ocr_line' id='line_1_7' title="bbox 333 957 1300 1051; baseline -0.013 -20"><span class='ocrx_word' id='word_1_47' title='bbox 333 984 422 1051; x_wconf 91' lang='lat' dir='ltr'>atque</span> <span class='ocrx_word' id='word_1_48' title='bbox 442 968 549 1042; x_wconf 78' lang='lat' dir='ltr'>hunc,</span> <span class='ocrx_word' id='word_1_49' title='bbox 577 966 630 1048; x_wconf 90' lang='lat' dir='ltr'>qui</span> <span class='ocrx_word' id='word_1_50' title='bbox 652 964 731 1027; x_wconf 82' lang='lat' dir='ltr'>solut</span> <span class='ocrx_word' id='word_1_51' title='bbox 749 962 898 1044; x_wconf 81' lang='lat' dir='ltr'>scrupulus</span> <span class='ocrx_word' id='word_1_52' title='bbox 926 962 958 1023; x_wconf 91' lang='lat' dir='ltr'>in</span> <span class='ocrx_word' id='word_1_53' title='bbox 978 962 1069 1024; x_wconf 78' lang='lat' dir='ltr'>caussa</span> <span class='ocrx_word' id='word_1_54' title='bbox 1097 957 1201 1020; x_wconf 86' lang='lat' dir='ltr'>induci</span> <span class='ocrx_word' id='word_1_55' title='bbox 1223 971 1300 1038; x_wconf 87' lang='lat' dir='ltr'>pote·</span> 
     </span>
     <span class='ocr_line' id='line_1_8' title="bbox 335 1034 1302 1125; baseline -0.011 -17"><span class='ocrx_word' id='word_1_56' title='bbox 335 1065 401 1124; x_wconf 88' lang='lat' dir='ltr'>rat,</span> <span class='ocrx_word' id='word_1_57' title='bbox 421 1066 457 1110; x_wconf 79' lang='lat' dir='ltr'>ex</span> <span class='ocrx_word' id='word_1_58' title='bbox 473 1045 622 1109; x_wconf 87' lang='lat' dir='ltr'>mentibus</span> <span class='ocrx_word' id='word_1_59' title='bbox 642 1046 743 1110; x_wconf 80' lang='lat' dir='ltr'>vestris</span> <span class='ocrx_word' id='word_1_60' title='bbox 762 1043 875 1125; x_wconf 89' lang='lat' dir='ltr'>prorsus</span> <span class='ocrx_word' id='word_1_61' title='bbox 896 1039 1055 1104; x_wconf 83' lang='lat' dir='ltr'>auferrem.</span> <span class='ocrx_word' id='word_1_62' title='bbox 1074 1040 1235 1102; x_wconf 83' lang='lat' dir='ltr'>Privatum</span> <span class='ocrx_word' id='word_1_63' title='bbox 1254 1034 1302 1113; x_wconf 75' lang='lat' dir='ltr'>sacr·¹</span> 
     </span>
     <span class='ocr_line' id='line_1_9' title="bbox 334 1115 1300 1203; baseline -0.011 -15"><span class='ocrx_word' id='word_1_64' title='bbox 334 1128 448 1189; x_wconf 85' lang='lat' dir='ltr'>minem</span> <span class='ocrx_word' id='word_1_65' title='bbox 489 1125 604 1190; x_wconf 76' lang='lat' dir='ltr'>ubiicaa</span> <span class='ocrx_word' id='word_1_66' title='bbox 620 1125 741 1196; x_wconf 81' lang='lat' dir='ltr'>iujurias</span> <span class='ocrx_word' id='word_1_67' title='bbox 763 1123 860 1193; x_wconf 87' lang='lat' dir='ltr'>ulcisci</span> <span class='ocrx_word' id='word_1_68' title='bbox 882 1123 957 1203; x_wconf 82' lang='lat' dir='ltr'>posse</span> <span class='ocrx_word' id='word_1_69' title='bbox 977 1136 1103 1202; x_wconf 84' lang='lat' dir='ltr'>negant.</span> <span class='ocrx_word' id='word_1_70' title='bbox 1123 1115 1228 1180; x_wconf 92' lang='lat' dir='ltr'>Valde</span> <span class='ocrx_word' id='word_1_71' title='bbox 1236 1115 1300 1178; x_wconf 73' lang='lat' dir='ltr'>istos</span> 
     </span>
     <span class='ocr_line' id='line_1_10' title="bbox 333 1147 1300 1287; baseline -0.012 -18"><span class='ocrx_word' id='word_1_72' title='bbox 333 1206 444 1279; x_wconf 74' lang='lat' dir='ltr'>miror,</span> <span class='ocrx_word' id='word_1_73' title='bbox 462 1147 596 1282; x_wconf 50' lang='lat' dir='ltr'>iudices,</span> <span class='ocrx_word' id='word_1_74' title='bbox 617 1205 688 1287; x_wconf 80' lang='lat' dir='ltr'>qui,</span> <span class='ocrx_word' id='word_1_75' title='bbox 706 1204 738 1266; x_wconf 91' lang='lat' dir='ltr'>in</span> <span class='ocrx_word' id='word_1_76' title='bbox 782 1225 818 1265; x_wconf 91' lang='lat' dir='ltr'>ua</span> <span class='ocrx_word' id='word_1_77' title='bbox 839 1204 897 1264; x_wconf 88' lang='lat' dir='ltr'>hoc</span> <span class='ocrx_word' id='word_1_78' title='bbox 915 1202 1050 1263; x_wconf 91' lang='lat' dir='ltr'>Civitate</span> <span class='ocrx_word' id='word_1_79' title='bbox 1069 1199 1201 1273; x_wconf 86' lang='lat' dir='ltr'>dicant,</span> <span class='ocrx_word' id='word_1_80' title='bbox 1221 1195 1300 1278; x_wconf 87' lang='lat' dir='ltr'>igno·</span> 
     </span>
     <span class='ocr_line' id='line_1_11' title="bbox 334 1225 1301 1368; baseline -0.009 -21"><span class='ocrx_word' id='word_1_81' title='bbox 334 1300 417 1356; x_wconf 80' lang='lat' dir='ltr'>rent3</span> <span class='ocrx_word' id='word_1_82' title='bbox 439 1305 533 1368; x_wconf 88' lang='lat' dir='ltr'>neque</span> <span class='ocrx_word' id='word_1_83' title='bbox 556 1306 574 1346; x_wconf 91' lang='lat' dir='ltr'>a</span> <span class='ocrx_word' id='word_1_84' title='bbox 596 1284 734 1348; x_wconf 74' lang='lat' dir='ltr'>Partibus</span> <span class='ocrx_word' id='word_1_85' title='bbox 754 1225 811 1345; x_wconf 51' lang='lat' dir='ltr'>fuis</span> <span class='ocrx_word' id='word_1_86' title='bbox 833 1282 980 1345; x_wconf 87' lang='lat' dir='ltr'>audierint</span> <span class='ocrx_word' id='word_1_87' title='bbox 999 1278 1186 1361; x_wconf 88' lang='lat' dir='ltr'>aliquando,</span> <span class='ocrx_word' id='word_1_88' title='bbox 1211 1294 1301 1359; x_wconf 61' lang='lat' dir='ltr'>quanq,</span> 
     </span>
     <span class='ocr_line' id='line_1_12' title="bbox 334 1354 1302 1444; baseline -0.009 -18"><span class='ocrx_word' id='word_1_89' title='bbox 334 1381 367 1426; x_wconf 91' lang='lat' dir='ltr'>ta</span> <span class='ocrx_word' id='word_1_90' title='bbox 388 1383 458 1426; x_wconf 88' lang='lat' dir='ltr'>cum</span> <span class='ocrx_word' id='word_1_91' title='bbox 476 1365 611 1427; x_wconf 88' lang='lat' dir='ltr'>omniurn</span> <span class='ocrx_word' id='word_1_92' title='bbox 640 1365 778 1426; x_wconf 84' lang='lat' dir='ltr'>ordinum</span> <span class='ocrx_word' id='word_1_93' title='bbox 800 1361 1011 1444; x_wconf 82' lang='lat' dir='ltr'>approbatione</span> <span class='ocrx_word' id='word_1_94' title='bbox 1037 1358 1146 1422; x_wconf 84' lang='lat' dir='ltr'>Nasica</span> <span class='ocrx_word' id='word_1_95' title='bbox 1164 1356 1230 1418; x_wconf 87' lang='lat' dir='ltr'>Vir</span> <span class='ocrx_word' id='word_1_96' title='bbox 1247 1354 1302 1438; x_wconf 61' lang='lat' dir='ltr'>priq</span> 
     </span>
     <span class='ocr_line' id='line_1_13' title="bbox 335 1438 1297 1526; baseline -0.009 -20"><span class='ocrx_word' id='word_1_97' title='bbox 335 1460 424 1506; x_wconf 80' lang='lat' dir='ltr'>vatus</span> <span class='ocrx_word' id='word_1_98' title='bbox 442 1443 593 1526; x_wconf 87' lang='lat' dir='ltr'>publicum</span> <span class='ocrx_word' id='word_1_99' title='bbox 616 1445 724 1507; x_wconf 88' lang='lat' dir='ltr'>Viturn</span> <span class='ocrx_word' id='word_1_100' title='bbox 747 1444 916 1507; x_wconf 82' lang='lat' dir='ltr'>Gracchum</span> <span class='ocrx_word' id='word_1_101' title='bbox 938 1441 986 1503; x_wconf 86' lang='lat' dir='ltr'>ves</span> <span class='ocrx_word' id='word_1_102' title='bbox 1006 1438 1221 1512; x_wconf 83' lang='lat' dir='ltr'>mediocriter,</span> <span class='ocrx_word' id='word_1_103' title='bbox 1247 1453 1297 1519; x_wconf 64' lang='lat' dir='ltr'>pta</span> 
     </span>
     <span class='ocr_line' id='line_1_14' title="bbox 335 1517 1298 1613; baseline -0.007 -27"><span class='ocrx_word' id='word_1_104' title='bbox 335 1540 368 1613; x_wconf 79' lang='lat' dir='ltr'>ut</span> <span class='ocrx_word' id='word_1_105' title='bbox 388 1522 441 1585; x_wconf 82' lang='lat' dir='ltr'>iste</span> <span class='ocrx_word' id='word_1_106' title='bbox 460 1520 601 1598; x_wconf 75' lang='lat' dir='ltr'>faciebat,</span> <span class='ocrx_word' id='word_1_107' title='bbox 619 1525 725 1605; x_wconf 87' lang='lat' dir='ltr'>Remp.</span> <span class='ocrx_word' id='word_1_108' title='bbox 745 1521 969 1585; x_wconf 70' lang='lat' dir='ltr'>labefactantem</span> <span class='ocrx_word' id='word_1_109' title='bbox 991 1517 1189 1589; x_wconf 82' lang='lat' dir='ltr'>interfecetir3</span> <span class='ocrx_word' id='word_1_110' title='bbox 1212 1517 1298 1582; x_wconf 89' lang='lat' dir='ltr'>decu·</span> 
     </span>
     <span class='ocr_line' id='line_1_15' title="bbox 266 1597 1300 1693; baseline -0.01 -26"><span class='ocrx_word' id='word_1_111' title='bbox 266 1678 272 1685; x_wconf 32' lang='grc' dir='ltr'>Ι</span> <span class='ocrx_word' id='word_1_112' title='bbox 332 1623 379 1693; x_wconf 76' lang='lat' dir='ltr'>rua</span> <span class='ocrx_word' id='word_1_113' title='bbox 400 1619 496 1667; x_wconf 85' lang='lat' dir='ltr'>morte</span> <span class='ocrx_word' id='word_1_114' title='bbox 523 1601 584 1684; x_wconf 90' lang='lat' dir='ltr'>[ut</span> <span class='ocrx_word' id='word_1_115' title='bbox 605 1604 691 1684; x_wconf 91' lang='lat' dir='ltr'>supra</span> <span class='ocrx_word' id='word_1_116' title='bbox 709 1604 800 1666; x_wconf 91' lang='lat' dir='ltr'>etiarn</span> <span class='ocrx_word' id='word_1_117' title='bbox 822 1603 935 1665; x_wconf 73' lang='lat' dir='ltr'>dietum</span> <span class='ocrx_word' id='word_1_118' title='bbox 956 1599 996 1664; x_wconf 88' lang='lat' dir='ltr'>est</span> <span class='ocrx_word' id='word_1_119' title='bbox 1052 1617 1121 1662; x_wconf 86' lang='lat' dir='ltr'>curu</span> <span class='ocrx_word' id='word_1_120' title='bbox 1142 1597 1247 1678; x_wconf 79' lang='lat' dir='ltr'>Scipio</span> <span class='ocrx_word' id='word_1_121' title='bbox 1265 1599 1300 1658; x_wconf 80' lang='grc' dir='ltr'>Δ·</span> 
     </span>
     <span class='ocr_line' id='line_1_16' title="bbox 334 1679 1301 1758; baseline -0.006 -14"><span class='ocrx_word' id='word_1_122' title='bbox 334 1681 480 1758; x_wconf 73' lang='lat' dir='ltr'>incanus,</span> <span class='ocrx_word' id='word_1_123' title='bbox 520 1682 628 1754; x_wconf 85' lang='lat' dir='ltr'>ui-eius</span> <span class='ocrx_word' id='word_1_124' title='bbox 645 1683 774 1746; x_wconf 88' lang='lat' dir='ltr'>sororem</span> <span class='ocrx_word' id='word_1_125' title='bbox 797 1702 918 1745; x_wconf 86' lang='lat' dir='ltr'>uxorem</span> <span class='ocrx_word' id='word_1_126' title='bbox 938 1680 1011 1744; x_wconf 88' lang='lat' dir='ltr'>habe</span> <span class='ocrx_word' id='word_1_127' title='bbox 1050 1695 1082 1755; x_wconf 85' lang='lat' dir='ltr'>t,</span> <span class='ocrx_word' id='word_1_128' title='bbox 1100 1679 1301 1758; x_wconf 73' lang='lat' dir='ltr'>interrogatur</span> 
     </span>
     <span class='ocr_line' id='line_1_17' title="bbox 335 1702 1300 1854; baseline -0.005 -32"><span class='ocrx_word' id='word_1_129' title='bbox 335 1761 423 1853; x_wconf 78' lang='lat' dir='ltr'>esset,</span> <span class='ocrx_word' id='word_1_130' title='bbox 441 1702 584 1854; x_wconf 50' lang='lat' dir='ltr'>qvigflbi</span> <span class='ocrx_word' id='word_1_131' title='bbox 605 1762 773 1838; x_wconf 86' lang='lat' dir='ltr'>videretur,</span> <span class='ocrx_word' id='word_1_132' title='bbox 793 1761 964 1844; x_wconf 82' lang='lat' dir='ltr'>respondit,</span> <span class='ocrx_word' id='word_1_133' title='bbox 984 1759 1060 1823; x_wconf 70' lang='lat' dir='ltr'>reste</span> <span class='ocrx_word' id='word_1_134' title='bbox 1074 1757 1126 1820; x_wconf 86' lang='lat' dir='ltr'>sibi</span> <span class='ocrx_word' id='word_1_135' title='bbox 1143 1754 1300 1820; x_wconf 59' lang='lat' dir='ltr'>casumvi«</span> 
     </span>
     <span class='ocr_line' id='line_1_18' title="bbox 334 1834 1299 1922; baseline -0.005 -20"><span class='ocrx_word' id='word_1_136' title='bbox 334 1840 412 1903; x_wconf 88' lang='lat' dir='ltr'>den.</span> <span class='ocrx_word' id='word_1_137' title='bbox 435 1842 544 1903; x_wconf 87' lang='lat' dir='ltr'>Srnnhs</span> <span class='ocrx_word' id='word_1_138' title='bbox 564 1843 642 1905; x_wconf 88' lang='lat' dir='ltr'>ratio</span> <span class='ocrx_word' id='word_1_139' title='bbox 662 1845 701 1906; x_wconf 88' lang='lat' dir='ltr'>est</span> <span class='ocrx_word' id='word_1_140' title='bbox 716 1844 839 1904; x_wconf 88' lang='lat' dir='ltr'>Horatii</span> <span class='ocrx_word' id='word_1_141' title='bbox 859 1842 1004 1917; x_wconf 80' lang='lat' dir='ltr'>Coclitis,</span> <span class='ocrx_word' id='word_1_142' title='bbox 1022 1839 1074 1922; x_wconf 91' lang='lat' dir='ltr'>qui</span> <span class='ocrx_word' id='word_1_143' title='bbox 1091 1838 1233 1920; x_wconf 80' lang='lat' dir='ltr'>privatus</span> <span class='ocrx_word' id='word_1_144' title='bbox 1248 1834 1299 1913; x_wconf 85' lang='lat' dir='ltr'>nri·¹</span> 
     </span>
     <span class='ocr_line' id='line_1_19' title="bbox 333 1918 1300 2003; baseline -0.005 -22"><span class='ocrx_word' id='word_1_145' title='bbox 333 1920 376 1981; x_wconf 84' lang='lat' dir='ltr'>ses</span> <span class='ocrx_word' id='word_1_146' title='bbox 397 1920 476 1984; x_wconf 78' lang='lat' dir='ltr'>solus</span> <span class='ocrx_word' id='word_1_147' title='bbox 494 1922 525 1983; x_wconf 94' lang='lat' dir='ltr'>in</span> <span class='ocrx_word' id='word_1_148' title='bbox 546 1939 635 2003; x_wconf 88' lang='lat' dir='ltr'>ponte</span> <span class='ocrx_word' id='word_1_149' title='bbox 657 1922 770 1984; x_wconf 88' lang='lat' dir='ltr'>tuendo</span> <span class='ocrx_word' id='word_1_150' title='bbox 789 1922 920 1986; x_wconf 85' lang='lat' dir='ltr'>Patriam</span> <span class='ocrx_word' id='word_1_151' title='bbox 939 1919 1082 1993; x_wconf 87' lang='lat' dir='ltr'>servavit,</span> <span class='ocrx_word' id='word_1_152' title='bbox 1103 1918 1157 2001; x_wconf 92' lang='lat' dir='ltr'>qui</span> <span class='ocrx_word' id='word_1_153' title='bbox 1180 1934 1300 1997; x_wconf 55' lang='lat' dir='ltr'>nonpu*</span> 
     </span>
     <span class='ocr_line' id='line_1_20' title="bbox 333 1995 1299 2092; baseline -0.005 -32"><span class='ocrx_word' id='word_1_154' title='bbox 333 1997 420 2092; x_wconf 39' lang='lat' dir='ltr'>blica·</span> <span class='ocrx_word' id='word_1_155' title='bbox 432 2000 632 2078; x_wconf 71' lang='lat' dir='ltr'>austeritate,</span> <span class='ocrx_word' id='word_1_156' title='bbox 660 2002 708 2064; x_wconf 87' lang='lat' dir='ltr'>sed</span> <span class='ocrx_word' id='word_1_157' title='bbox 727 2002 871 2083; x_wconf 84' lang='lat' dir='ltr'>privata,</span> <span class='ocrx_word' id='word_1_158' title='bbox 899 2021 1046 2084; x_wconf 91' lang='lat' dir='ltr'>quamque</span> <span class='ocrx_word' id='word_1_159' title='bbox 1063 1997 1109 2059; x_wconf 91' lang='lat' dir='ltr'>illi</span> <span class='ocrx_word' id='word_1_160' title='bbox 1126 1996 1231 2061; x_wconf 89' lang='lat' dir='ltr'>Patria</span> <span class='ocrx_word' id='word_1_161' title='bbox 1245 1995 1299 2076; x_wconf 91' lang='lat' dir='ltr'>pie··</span> 
     </span>
     <span class='ocr_line' id='line_1_21' title="bbox 335 2073 1299 2164; baseline -0.005 -23"><span class='ocrx_word' id='word_1_162' title='bbox 335 2095 383 2141; x_wconf 88' lang='lat' dir='ltr'>tas</span> <span class='ocrx_word' id='word_1_163' title='bbox 410 2097 607 2162; x_wconf 78' lang='lat' dir='ltr'>ingenuerat,</span> <span class='ocrx_word' id='word_1_164' title='bbox 634 2099 766 2145; x_wconf 82' lang='lat' dir='ltr'>armatus</span> <span class='ocrx_word' id='word_1_165' title='bbox 786 2084 871 2164; x_wconf 91' lang='lat' dir='ltr'>Reip.</span> <span class='ocrx_word' id='word_1_166' title='bbox 901 2081 1141 2146; x_wconf 89' lang='lat' dir='ltr'>incolumitatem</span> <span class='ocrx_word' id='word_1_167' title='bbox 1160 2096 1234 2139; x_wconf 89' lang='lat' dir='ltr'>curn</span> <span class='ocrx_word' id='word_1_168' title='bbox 1254 2073 1299 2137; x_wconf 81' lang='lat' dir='ltr'>sua</span> 
     </span>
     <span class='ocr_line' id='line_1_22' title="bbox 334 2157 1299 2252; baseline 0.009 -32"><span class='ocrx_word' id='word_1_169' title='bbox 334 2159 450 2252; x_wconf 81' lang='lat' dir='ltr'>summa</span> <span class='ocrx_word' id='word_1_170' title='bbox 469 2161 565 2243; x_wconf 86' lang='lat' dir='ltr'>gloria</span> <span class='ocrx_word' id='word_1_171' title='bbox 585 2161 770 2226; x_wconf 88' lang='lat' dir='ltr'>conservavit</span> <span class='ocrx_word' id='word_1_172' title='bbox 785 2209 794 2224; x_wconf 93' lang='lat'>.</span> <span class='ocrx_word' id='word_1_173' title='bbox 813 2162 868 2225; x_wconf 87' lang='lat' dir='ltr'>Sed</span> <span class='ocrx_word' id='word_1_174' title='bbox 885 2162 944 2225; x_wconf 89' lang='lat' dir='ltr'>dno</span> <span class='ocrx_word' id='word_1_175' title='bbox 960 2162 1053 2235; x_wconf 89' lang='lat' dir='ltr'>sunt,</span> <span class='ocrx_word' id='word_1_176' title='bbox 1073 2157 1192 2231; x_wconf 78' lang='lat' dir='ltr'>Iudices</span> <span class='ocrx_word' id='word_1_177' title='bbox 1210 2171 1299 2238; x_wconf 60' lang='grc' dir='ltr'>,(1ϋῆ</span> 
     </span>
     <span class='ocr_line' id='line_1_23' title="bbox 334 2238 1298 2333; baseline -0.004 -33"><span class='ocrx_word' id='word_1_178' title='bbox 334 2238 468 2302; x_wconf 80' lang='lat' dir='ltr'>homines</span> <span class='ocrx_word' id='word_1_179' title='bbox 489 2241 525 2304; x_wconf 92' lang='lat' dir='ltr'>ad</span> <span class='ocrx_word' id='word_1_180' title='bbox 546 2241 575 2304; x_wconf 89' lang='lat' dir='ltr'>fe</span> <span class='ocrx_word' id='word_1_181' title='bbox 591 2242 669 2323; x_wconf 76' lang='lat' dir='ltr'>ipsos</span> <span class='ocrx_word' id='word_1_182' title='bbox 684 2260 790 2306; x_wconf 88' lang='lat' dir='ltr'>mutuo</span> <span class='ocrx_word' id='word_1_183' title='bbox 806 2242 928 2306; x_wconf 87' lang='lat' dir='ltr'>tuendos</span> <span class='ocrx_word' id='word_1_184' title='bbox 945 2256 1056 2333; x_wconf 80' lang='lat' dir='ltr'>cogunt</span> <span class='ocrx_word' id='word_1_185' title='bbox 1071 2259 1082 2310; x_wconf 75' lang='grc' dir='ltr'><em>ς</em></span> <span class='ocrx_word' id='word_1_186' title='bbox 1101 2238 1233 2299; x_wconf 89' lang='lat' dir='ltr'>alterum</span> <span class='ocrx_word' id='word_1_187' title='bbox 1254 2252 1298 2297; x_wconf 89' lang='lat' dir='ltr'>co·</span> 
     </span>
     <span class='ocr_line' id='line_1_24' title="bbox 350 2398 1342 2494; baseline -0.006 -33"><span class='ocrx_word' id='word_1_188' title='bbox 350 2399 386 2490; x_wconf 38' lang='lat' dir='ltr'>is&#39;</span> <span class='ocrx_word' id='word_1_189' title='bbox 400 2401 516 2492; x_wconf 79' lang='lat' dir='ltr'>animus</span> <span class='ocrx_word' id='word_1_190' title='bbox 540 2401 709 2484; x_wconf 62' lang='lat' dir='ltr'>spectatur,</span> <span class='ocrx_word' id='word_1_191' title='bbox 746 2424 815 2465; x_wconf 88' lang='lat' dir='ltr'>curn</span> <span class='ocrx_word' id='word_1_192' title='bbox 847 2423 949 2494; x_wconf 85' lang='lat' dir='ltr'>parem</span> <span class='ocrx_word' id='word_1_193' title='bbox 1000 2399 1067 2462; x_wconf 90' lang='lat' dir='ltr'>ese</span> <span class='ocrx_word' id='word_1_194' title='bbox 1098 2398 1220 2479; x_wconf 81' lang='lat' dir='ltr'>optime</span> <span class='ocrx_word' id='word_1_195' title='bbox 1246 2412 1300 2475; x_wconf 74' lang='lat' dir='ltr'>me·</span> <span class='ocrx_word' id='word_1_196' title='bbox 1341 2424 1342 2427; x_wconf 37' lang='lat'>¹</span> 
     </span>
     <span class='ocr_line' id='line_1_25' title="bbox 336 2475 1300 2562; baseline -0.003 -23"><span class='ocrx_word' id='word_1_197' title='bbox 336 2494 401 2541; x_wconf 79' lang='lat' dir='ltr'>rins</span> <span class='ocrx_word' id='word_1_198' title='bbox 432 2497 562 2561; x_wconf 77' lang='lat' dir='ltr'>gratiam</span> <span class='ocrx_word' id='word_1_199' title='bbox 586 2480 688 2545; x_wconf 85' lang='lat' dir='ltr'>refert.</span> <span class='ocrx_word' id='word_1_200' title='bbox 709 2483 785 2559; x_wconf 90' lang='lat' dir='ltr'>Quis</span> <span class='ocrx_word' id='word_1_201' title='bbox 810 2503 890 2546; x_wconf 80' lang='lat' dir='ltr'>eninr</span> <span class='ocrx_word' id='word_1_202' title='bbox 912 2483 940 2544; x_wconf 90' lang='lat' dir='ltr'>ei</span> <span class='ocrx_word' id='word_1_203' title='bbox 956 2501 1042 2562; x_wconf 89' lang='lat' dir='ltr'>opem</span> <span class='ocrx_word' id='word_1_204' title='bbox 1067 2498 1129 2540; x_wconf 91' lang='lat' dir='ltr'>non</span> <span class='ocrx_word' id='word_1_205' title='bbox 1153 2475 1258 2553; x_wconf 88' lang='lat' dir='ltr'>ferat,</span> <span class='ocrx_word' id='word_1_206' title='bbox 1282 2493 1300 2537; x_wconf 82' lang='lat' dir='ltr'>a</span> 
     </span>
     <span class='ocr_line' id='line_1_26' title="bbox 337 2559 1300 2650; baseline -0.003 -30"><span class='ocrx_word' id='word_1_207' title='bbox 337 2577 400 2639; x_wconf 91' lang='lat' dir='ltr'>quo</span> <span class='ocrx_word' id='word_1_208' title='bbox 423 2559 544 2650; x_wconf 80' lang='lat' dir='ltr'>eandem</span> <span class='ocrx_word' id='word_1_209' title='bbox 561 2577 629 2623; x_wconf 90' lang='lat' dir='ltr'>ante</span> <span class='ocrx_word' id='word_1_210' title='bbox 654 2560 705 2622; x_wconf 86' lang='lat' dir='ltr'>sibi</span> <span class='ocrx_word' id='word_1_211' title='bbox 729 2561 853 2625; x_wconf 84' lang='lat' dir='ltr'>allatam</span> <span class='ocrx_word' id='word_1_212' title='bbox 873 2559 961 2625; x_wconf 84' lang='lat' dir='ltr'>sciat?</span> <span class='ocrx_word' id='word_1_213' title='bbox 991 2560 1027 2622; x_wconf 93' lang='lat' dir='ltr'>In</span> <span class='ocrx_word' id='word_1_214' title='bbox 1051 2559 1231 2640; x_wconf 89' lang='lat' dir='ltr'>cognatione</span> <span class='ocrx_word' id='word_1_215' title='bbox 1254 2574 1300 2617; x_wconf 72' lang='grc' dir='ltr'>νε·</span> 
     </span>
     <span class='ocr_line' id='line_1_27' title="bbox 338 2634 1343 2729; baseline -0.005 -30"><span class='ocrx_word' id='word_1_216' title='bbox 338 2657 374 2729; x_wconf 73' lang='lat'>,¹⁰</span> <span class='ocrx_word' id='word_1_217' title='bbox 412 2640 525 2701; x_wconf 81' lang='lat' dir='ltr'>etiamst</span> <span class='ocrx_word' id='word_1_218' title='bbox 553 2640 637 2703; x_wconf 89' lang='lat' dir='ltr'>nulla</span> <span class='ocrx_word' id='word_1_219' title='bbox 660 2641 867 2705; x_wconf 84' lang='lat' dir='ltr'>intercesserint</span> <span class='ocrx_word' id='word_1_220' title='bbox 892 2639 1015 2716; x_wconf 84' lang='lat' dir='ltr'>officia,</span> <span class='ocrx_word' id='word_1_221' title='bbox 1049 2637 1164 2700; x_wconf 84' lang='lat' dir='ltr'>etiamst</span> <span class='ocrx_word' id='word_1_222' title='bbox 1188 2634 1298 2708; x_wconf 79' lang='lat' dir='ltr'>injuria</span> <span class='ocrx_word' id='word_1_223' title='bbox 1340 2659 1343 2682; x_wconf 71' lang='grc' dir='ltr'>ι</span> 
     </span>
     <span class='ocr_line' id='line_1_28' title="bbox 336 2712 1300 2802; baseline -0.004 -24"><span class='ocrx_word' id='word_1_224' title='bbox 336 2719 535 2792; x_wconf 78' lang='lat' dir='ltr'>intercedant,</span> <span class='ocrx_word' id='word_1_225' title='bbox 554 2736 645 2802; x_wconf 86' lang='lat' dir='ltr'>atque</span> <span class='ocrx_word' id='word_1_226' title='bbox 664 2719 744 2783; x_wconf 85' lang='lat' dir='ltr'>casus</span> <span class='ocrx_word' id='word_1_227' title='bbox 764 2720 865 2796; x_wconf 83' lang='lat' dir='ltr'>ferat,</span> <span class='ocrx_word' id='word_1_228' title='bbox 885 2738 919 2784; x_wconf 91' lang='lat' dir='ltr'>ut</span> <span class='ocrx_word' id='word_1_229' title='bbox 935 2720 1030 2782; x_wconf 83' lang='lat' dir='ltr'>nostra</span> <span class='ocrx_word' id='word_1_230' title='bbox 1046 2739 1101 2799; x_wconf 91' lang='lat' dir='ltr'>ope</span> <span class='ocrx_word' id='word_1_231' title='bbox 1117 2716 1211 2780; x_wconf 83' lang='lat' dir='ltr'>nostri</span> <span class='ocrx_word' id='word_1_232' title='bbox 1229 2712 1300 2775; x_wconf 87' lang='lat' dir='ltr'>indi·</span> 
     </span>
     <span class='ocr_line' id='line_1_29' title="bbox 336 2793 1343 2936; baseline -0.001 -79"><span class='ocrx_word' id='word_1_233' title='bbox 336 2811 431 2936; x_wconf 55' lang='lat' dir='ltr'>peant</span> <span class='ocrx_word' id='word_1_234' title='bbox 447 2841 460 2874; x_wconf 81' lang='grc'>,</span> <span class='ocrx_word' id='word_1_235' title='bbox 478 2798 622 2862; x_wconf 90' lang='lat' dir='ltr'>continuo</span> <span class='ocrx_word' id='word_1_236' title='bbox 638 2798 698 2863; x_wconf 79' lang='lat' dir='ltr'>iilis</span> <span class='ocrx_word' id='word_1_237' title='bbox 714 2801 860 2880; x_wconf 78' lang='lat' dir='ltr'>pratentis</span> <span class='ocrx_word' id='word_1_238' title='bbox 886 2801 998 2872; x_wconf 81' lang='lat' dir='ltr'>injuria</span> <span class='ocrx_word' id='word_1_239' title='bbox 1023 2798 1109 2860; x_wconf 86' lang='lat' dir='ltr'>obliti</span> <span class='ocrx_word' id='word_1_240' title='bbox 1127 2799 1232 2878; x_wconf 74' lang='lat' dir='ltr'>prasio</span> <span class='ocrx_word' id='word_1_241' title='bbox 1252 2793 1299 2856; x_wconf 77' lang='lat' dir='ltr'>ad·</span> <span class='ocrx_word' id='word_1_242' title='bbox 1340 2821 1343 2856; x_wconf 91' lang='lat'>:</span> 
     </span>
     <span class='ocr_line' id='line_1_30' title="bbox 351 2872 1343 2967; baseline -0.001 -29"><span class='ocrx_word' id='word_1_243' title='bbox 351 2895 463 2967; x_wconf 85' lang='lat' dir='ltr'>umus,</span> <span class='ocrx_word' id='word_1_244' title='bbox 484 2897 537 2958; x_wconf 93' lang='lat' dir='ltr'>pro</span> <span class='ocrx_word' id='word_1_245' title='bbox 559 2877 620 2941; x_wconf 80' lang='lat' dir='ltr'>iuis</span> <span class='ocrx_word' id='word_1_246' title='bbox 639 2877 730 2943; x_wconf 86' lang='lat' dir='ltr'>etiam</span> <span class='ocrx_word' id='word_1_247' title='bbox 750 2879 855 2960; x_wconf 85' lang='lat' dir='ltr'>sponte</span> <span class='ocrx_word' id='word_1_248' title='bbox 873 2881 969 2942; x_wconf 81' lang='lat' dir='ltr'>nosira</span> <span class='ocrx_word' id='word_1_249' title='bbox 987 2878 1090 2941; x_wconf 88' lang='lat' dir='ltr'>omnia</span> <span class='ocrx_word' id='word_1_250' title='bbox 1109 2875 1242 2959; x_wconf 88' lang='lat' dir='ltr'>pericula</span> <span class='ocrx_word' id='word_1_251' title='bbox 1261 2872 1311 2941; x_wconf 55' lang='lat' dir='ltr'>sun</span> <span class='ocrx_word' id='word_1_252' title='bbox 1339 2899 1343 2937; x_wconf 91' lang='lat'>:</span> 
     </span>
     <span class='ocr_line' id='line_1_31' title="bbox 337 2953 1343 3048; baseline -0.001 -30"><span class='ocrx_word' id='word_1_253' title='bbox 337 2954 449 3048; x_wconf 77' lang='lat' dir='ltr'>bimus.</span> <span class='ocrx_word' id='word_1_254' title='bbox 471 2961 629 3035; x_wconf 78' lang='lat' dir='ltr'>Quavero</span> <span class='ocrx_word' id='word_1_255' title='bbox 645 2959 783 3022; x_wconf 83' lang='lat' dir='ltr'>omnibus</span> <span class='ocrx_word' id='word_1_256' title='bbox 804 2959 1028 3042; x_wconf 84' lang='lat' dir='ltr'>cognationibus</span> <span class='ocrx_word' id='word_1_257' title='bbox 1046 2959 1144 3031; x_wconf 85' lang='lat' dir='ltr'>major</span> <span class='ocrx_word' id='word_1_258' title='bbox 1160 2953 1310 3038; x_wconf 80' lang='lat' dir='ltr'>cognatio¹</span> <span class='ocrx_word' id='word_1_259' title='bbox 1341 2988 1343 3005; x_wconf 73' lang='grc' dir='ltr'>ι</span> 
     </span>
     <span class='ocr_line' id='line_1_32' title="bbox 336 3033 1302 3166; baseline 0 -68"><span class='ocrx_word' id='word_1_260' title='bbox 336 3057 482 3166; x_wconf 50' lang='grc' dir='ltr'>ιιιιῖιιαιιι</span> <span class='ocrx_word' id='word_1_261' title='bbox 492 3039 545 3099; x_wconf 77' lang='lat' dir='ltr'>esse</span> <span class='ocrx_word' id='word_1_262' title='bbox 559 3038 671 3129; x_wconf 87' lang='lat' dir='ltr'>potest,</span> <span class='ocrx_word' id='word_1_263' title='bbox 690 3059 781 3123; x_wconf 83' lang='lat' dir='ltr'>quam</span> <span class='ocrx_word' id='word_1_264' title='bbox 796 3061 856 3122; x_wconf 87' lang='lat' dir='ltr'>qua</span> <span class='ocrx_word' id='word_1_265' title='bbox 871 3040 943 3124; x_wconf 90' lang='lat' dir='ltr'>quis</span> <span class='ocrx_word' id='word_1_266' title='bbox 957 3060 993 3105; x_wconf 85' lang='lat' dir='ltr'>ue</span> <span class='ocrx_word' id='word_1_267' title='bbox 1009 3037 1112 3101; x_wconf 80' lang='lat' dir='ltr'>Patria</span> <span class='ocrx_word' id='word_1_268' title='bbox 1128 3033 1302 3110; x_wconf 69' lang='lat' dir='ltr'>conjunflut</span> 
     </span>
     <span class='ocr_line' id='line_1_33' title="bbox 335 3061 1299 3210; baseline 0 -33"><span class='ocrx_word' id='word_1_269' title='bbox 335 3117 376 3210; x_wconf 77' lang='lat' dir='ltr'>esi</span> <span class='ocrx_word' id='word_1_270' title='bbox 392 3167 399 3178; x_wconf 92' lang='lat'>.</span> <span class='ocrx_word' id='word_1_271' title='bbox 432 3118 507 3180; x_wconf 75' lang='lat' dir='ltr'>Aba</span> <span class='ocrx_word' id='word_1_272' title='bbox 524 3138 605 3181; x_wconf 86' lang='lat' dir='ltr'>entnr</span> <span class='ocrx_word' id='word_1_273' title='bbox 621 3163 633 3196; x_wconf 86' lang='lat'>‚</span> <span class='ocrx_word' id='word_1_274' title='bbox 654 3134 688 3182; x_wconf 92' lang='lat' dir='ltr'>ut</span> <span class='ocrx_word' id='word_1_275' title='bbox 704 3141 722 3183; x_wconf 95' lang='lat' dir='ltr'>a</span> <span class='ocrx_word' id='word_1_276' title='bbox 737 3119 905 3202; x_wconf 82' lang='lat' dir='ltr'>patentibus</span> <span class='ocrx_word' id='word_1_277' title='bbox 928 3061 1079 3183; x_wconf 63' lang='lat' dir='ltr'>abscedunt</span> <span class='ocrx_word' id='word_1_278' title='bbox 1095 3162 1107 3192; x_wconf 80' lang='lat'>,</span> <span class='ocrx_word' id='word_1_279' title='bbox 1125 3117 1248 3199; x_wconf 83' lang='lat' dir='ltr'>semper</span> <span class='ocrx_word' id='word_1_280' title='bbox 1262 3113 1299 3177; x_wconf 82' lang='lat' dir='ltr'>la·</span> 
     </span>
     <span class='ocr_line' id='line_1_34' title="bbox 335 3194 1302 3280; baseline -0.002 -20"><span class='ocrx_word' id='word_1_281' title='bbox 335 3216 433 3260; x_wconf 75' lang='lat' dir='ltr'>atores</span> <span class='ocrx_word' id='word_1_282' title='bbox 453 3196 529 3260; x_wconf 83' lang='lat' dir='ltr'>fiunt</span> <span class='ocrx_word' id='word_1_283' title='bbox 539 3220 549 3270; x_wconf 88' lang='lat'>;</span> <span class='ocrx_word' id='word_1_284' title='bbox 569 3199 630 3262; x_wconf 86' lang='lat' dir='ltr'>haec</span> <span class='ocrx_word' id='word_1_285' title='bbox 645 3220 733 3275; x_wconf 74' lang='lat' dir='ltr'>vero,</span> <span class='ocrx_word' id='word_1_286' title='bbox 776 3220 818 3263; x_wconf 78' lang='lat' dir='ltr'>ua</span> <span class='ocrx_word' id='word_1_287' title='bbox 834 3223 853 3264; x_wconf 91' lang='lat' dir='ltr'>a</span> <span class='ocrx_word' id='word_1_288' title='bbox 867 3200 966 3265; x_wconf 86' lang='lat' dir='ltr'>Patria</span> <span class='ocrx_word' id='word_1_289' title='bbox 981 3196 1196 3280; x_wconf 83' lang='lat' dir='ltr'>proficiscitur,¹</span> <span class='ocrx_word' id='word_1_290' title='bbox 1216 3194 1302 3280; x_wconf 71' lang='lat' dir='ltr'>atqui¹</span> 
     </span>
     <span class='ocr_line' id='line_1_35' title="bbox 336 3275 1301 3360; baseline 0.001 -23"><span class='ocrx_word' id='word_1_291' title='bbox 336 3278 414 3360; x_wconf 85' lang='lat' dir='ltr'>unde</span> <span class='ocrx_word' id='word_1_292' title='bbox 443 3297 545 3340; x_wconf 85' lang='lat' dir='ltr'>omnes</span> <span class='ocrx_word' id='word_1_293' title='bbox 566 3295 651 3343; x_wconf 74' lang='lat' dir='ltr'>ortus</span> <span class='ocrx_word' id='word_1_294' title='bbox 677 3279 743 3345; x_wconf 84' lang='lat' dir='ltr'>suos</span> <span class='ocrx_word' id='word_1_295' title='bbox 837 3297 896 3357; x_wconf 89' lang='lat' dir='ltr'>ut,</span> <span class='ocrx_word' id='word_1_296' title='bbox 925 3282 958 3342; x_wconf 91' lang='lat' dir='ltr'>in</span> <span class='ocrx_word' id='word_1_297' title='bbox 981 3294 1105 3360; x_wconf 86' lang='lat' dir='ltr'>paterna</span> <span class='ocrx_word' id='word_1_298' title='bbox 1124 3299 1160 3340; x_wconf 91' lang='lat' dir='ltr'>co</span> <span class='ocrx_word' id='word_1_299' title='bbox 1206 3275 1301 3339; x_wconf 74' lang='lat' dir='ltr'>atium</span> 
     </span>
     <span class='ocr_line' id='line_1_36' title="bbox 337 3355 1303 3449; baseline 0.001 -33"><span class='ocrx_word' id='word_1_300' title='bbox 337 3355 449 3438; x_wconf 85' lang='lat' dir='ltr'>semper</span> <span class='ocrx_word' id='word_1_301' title='bbox 461 3373 609 3449; x_wconf 81' lang='lat' dir='ltr'>remanet.</span> <span class='ocrx_word' id='word_1_302' title='bbox 630 3359 712 3437; x_wconf 91' lang='lat' dir='ltr'>Quin</span> <span class='ocrx_word' id='word_1_303' title='bbox 728 3361 804 3425; x_wconf 90' lang='lat' dir='ltr'>hanc</span> <span class='ocrx_word' id='word_1_304' title='bbox 827 3361 917 3425; x_wconf 90' lang='lat' dir='ltr'>etiam</span> <span class='ocrx_word' id='word_1_305' title='bbox 935 3376 1024 3423; x_wconf 91' lang='lat' dir='ltr'>tanto</span> <span class='ocrx_word' id='word_1_306' title='bbox 1042 3357 1138 3439; x_wconf 84' lang='lat' dir='ltr'>tnagis</span> <span class='ocrx_word' id='word_1_307' title='bbox 1169 3377 1189 3419; x_wconf 93' lang='lat' dir='ltr'>u</span> <span class='ocrx_word' id='word_1_308' title='bbox 1229 3370 1303 3441; x_wconf 46' lang='lat' dir='ltr'>tat*</span> 
     </span>
     <span class='ocr_line' id='line_1_37' title="bbox 338 3432 1302 3527; baseline 0.002 -30"><span class='ocrx_word' id='word_1_309' title='bbox 338 3451 453 3518; x_wconf 86' lang='lat' dir='ltr'>quanto</span> <span class='ocrx_word' id='word_1_310' title='bbox 475 3435 575 3527; x_wconf 80' lang='lat' dir='ltr'>Patria</span> <span class='ocrx_word' id='word_1_311' title='bbox 600 3438 767 3518; x_wconf 79' lang='lat' dir='ltr'>patentibus</span> <span class='ocrx_word' id='word_1_312' title='bbox 789 3441 856 3522; x_wconf 81' lang='lat' dir='ltr'>ipsis</span> <span class='ocrx_word' id='word_1_313' title='bbox 880 3437 1065 3503; x_wconf 85' lang='lat' dir='ltr'>anteferenda</span> <span class='ocrx_word' id='word_1_314' title='bbox 1085 3437 1125 3499; x_wconf 90' lang='lat' dir='ltr'>est</span> <span class='ocrx_word' id='word_1_315' title='bbox 1140 3479 1153 3498; x_wconf 80' lang='grc'><strong>.</strong></span> <span class='ocrx_word' id='word_1_316' title='bbox 1211 3432 1302 3499; x_wconf 79' lang='lat' dir='ltr'>ts&#39;ant</span> 
     </span>
     <span class='ocr_line' id='line_1_38' title="bbox 340 3511 1302 3607; baseline 0.005 -31"><span class='ocrx_word' id='word_1_317' title='bbox 340 3516 394 3607; x_wconf 77' lang='lat' dir='ltr'>stac</span> <span class='ocrx_word' id='word_1_318' title='bbox 415 3534 475 3606; x_wconf 81' lang='lat' dir='ltr'>una</span> <span class='ocrx_word' id='word_1_319' title='bbox 494 3515 658 3580; x_wconf 72' lang='lat' dir='ltr'>arsitssnna</span> <span class='ocrx_word' id='word_1_320' title='bbox 697 3519 905 3602; x_wconf 85' lang='lat' dir='ltr'>ropinquitatis</span> <span class='ocrx_word' id='word_1_321' title='bbox 926 3521 958 3581; x_wconf 92' lang='lat' dir='ltr'>vi</span> <span class='ocrx_word' id='word_1_322' title='bbox 981 3520 1094 3581; x_wconf 87' lang='lat' dir='ltr'>summa</span> <span class='ocrx_word' id='word_1_323' title='bbox 1114 3516 1159 3579; x_wconf 88' lang='lat' dir='ltr'>ita</span> <span class='ocrx_word' id='word_1_324' title='bbox 1179 3511 1302 3599; x_wconf 70' lang='lat' dir='ltr'>quisqu</span> 
     </span>
     <span class='ocr_line' id='line_1_39' title="bbox 336 3595 1303 3687; baseline 0.002 -31"><span class='ocrx_word' id='word_1_325' title='bbox 336 3616 378 3687; x_wconf 67' lang='lat' dir='ltr'>nn</span> <span class='ocrx_word' id='word_1_326' title='bbox 389 3595 520 3684; x_wconf 75' lang='lat' dir='ltr'>Patriam</span> <span class='ocrx_word' id='word_1_327' title='bbox 539 3595 620 3661; x_wconf 82' lang='lat' dir='ltr'>suam</span> <span class='ocrx_word' id='word_1_328' title='bbox 641 3618 660 3661; x_wconf 90' lang='lat' dir='ltr'>a</span> <span class='ocrx_word' id='word_1_329' title='bbox 681 3599 760 3662; x_wconf 68' lang='lat' dir='ltr'>esbus</span> <span class='ocrx_word' id='word_1_330' title='bbox 782 3599 838 3675; x_wconf 85' lang='lat' dir='ltr'>est,</span> <span class='ocrx_word' id='word_1_331' title='bbox 858 3613 890 3662; x_wconf 91' lang='lat' dir='ltr'>ut</span> <span class='ocrx_word' id='word_1_332' title='bbox 907 3599 956 3660; x_wconf 79' lang='lat' dir='ltr'>etsi</span> <span class='ocrx_word' id='word_1_333' title='bbox 973 3598 1010 3661; x_wconf 92' lang='lat' dir='ltr'>ab</span> <span class='ocrx_word' id='word_1_334' title='bbox 1018 3619 1053 3660; x_wconf 88' lang='lat' dir='ltr'>ea</span> <span class='ocrx_word' id='word_1_335' title='bbox 1073 3597 1196 3672; x_wconf 79' lang='lat' dir='ltr'>exulet,</span> <span class='ocrx_word' id='word_1_336' title='bbox 1214 3610 1249 3658; x_wconf 87' lang='lat' dir='ltr'>at</span> <span class='ocrx_word' id='word_1_337' title='bbox 1270 3610 1303 3657; x_wconf 80' lang='lat' dir='ltr'>ut</span> 
     </span>
     <span class='ocr_line' id='line_1_40' title="bbox 337 3674 1302 3767; baseline 0 -31"><span class='ocrx_word' id='word_1_338' title='bbox 337 3693 444 3745; x_wconf 76' lang='lat' dir='ltr'>rnrutta</span> <span class='ocrx_word' id='word_1_339' title='bbox 464 3675 580 3767; x_wconf 64' lang='lat' dir='ltr'>exudet,</span> <span class='ocrx_word' id='word_1_340' title='bbox 597 3695 716 3762; x_wconf 86' lang='lat' dir='ltr'>excepta</span> <span class='ocrx_word' id='word_1_341' title='bbox 736 3699 797 3745; x_wconf 87' lang='lat' dir='ltr'>una</span> <span class='ocrx_word' id='word_1_342' title='bbox 815 3678 869 3741; x_wconf 89' lang='lat' dir='ltr'>illa</span> <span class='ocrx_word' id='word_1_343' title='bbox 888 3677 1019 3753; x_wconf 84' lang='lat' dir='ltr'>injuria,</span> <span class='ocrx_word' id='word_1_344' title='bbox 1048 3697 1114 3740; x_wconf 88' lang='lat' dir='ltr'>eam</span> <span class='ocrx_word' id='word_1_345' title='bbox 1135 3692 1212 3739; x_wconf 88' lang='lat' dir='ltr'>ante</span> <span class='ocrx_word' id='word_1_346' title='bbox 1263 3674 1302 3737; x_wconf 70' lang='lat' dir='ltr'>rat</span> 
     </span>
     <span class='ocr_line' id='line_1_41' title="bbox 263 3748 1304 3844; baseline 0.004 -30"><span class='ocrx_word' id='word_1_347' title='bbox 263 3779 266 3784; x_wconf 94' lang='lat'>·</span> <span class='ocrx_word' id='word_1_348' title='bbox 325 3751 430 3844; x_wconf 57' lang='grc' dir='ltr'>Ιὓξιιες</span> <span class='ocrx_word' id='word_1_349' title='bbox 451 3754 544 3844; x_wconf 79' lang='lat' dir='ltr'>verbu</span> <span class='ocrx_word' id='word_1_350' title='bbox 563 3759 712 3830; x_wconf 78' lang='lat' dir='ltr'>extoliat5</span> <span class='ocrx_word' id='word_1_351' title='bbox 734 3757 991 3838; x_wconf 78' lang='lat' dir='ltr'>&amp;,siopuss1r,</span> <span class='ocrx_word' id='word_1_352' title='bbox 1014 3757 1044 3820; x_wconf 90' lang='lat' dir='ltr'>id</span> <span class='ocrx_word' id='word_1_353' title='bbox 1064 3778 1120 3832; x_wconf 88' lang='lat' dir='ltr'>re,</span> <span class='ocrx_word' id='word_1_354' title='bbox 1141 3771 1240 3839; x_wconf 85' lang='lat' dir='ltr'>atque</span> <span class='ocrx_word' id='word_1_355' title='bbox 1260 3748 1304 3818; x_wconf 62' lang='lat'>21¹-</span> 
     </span>
     <span class='ocr_line' id='line_1_42' title="bbox 222 3828 1305 4074; baseline 0 -173"><span class='ocrx_word' id='word_1_356' title='bbox 222 3836 292 4074; x_wconf 45' lang='grc' dir='ltr'>ἱ</span> <span class='ocrx_word' id='word_1_357' title='bbox 332 3852 397 3901; x_wconf 70' lang='lat' dir='ltr'>utta</span> <span class='ocrx_word' id='word_1_358' title='bbox 411 3849 489 3901; x_wconf 82' lang='lat' dir='ltr'>tuen</span> <span class='ocrx_word' id='word_1_359' title='bbox 504 3855 566 3900; x_wconf 90' lang='lat' dir='ltr'>non</span> <span class='ocrx_word' id='word_1_360' title='bbox 585 3837 725 3901; x_wconf 81' lang='lat' dir='ltr'>dubitet.</span> <span class='ocrx_word' id='word_1_361' title='bbox 741 3836 833 3919; x_wconf 85' lang='lat' dir='ltr'>Quod</span> <span class='ocrx_word' id='word_1_362' title='bbox 852 3857 923 3903; x_wconf 89' lang='lat' dir='ltr'>cum</span> <span class='ocrx_word' id='word_1_363' title='bbox 940 3838 985 3901; x_wconf 88' lang='lat' dir='ltr'>ita</span> <span class='ocrx_word' id='word_1_364' title='bbox 1003 3835 1064 3918; x_wconf 87' lang='lat' dir='ltr'>sit,</span> <span class='ocrx_word' id='word_1_365' title='bbox 1083 3835 1215 3927; x_wconf 73' lang='lat' dir='ltr'>quisque</span> <span class='ocrx_word' id='word_1_366' title='bbox 1232 3828 1305 3919; x_wconf 86' lang='lat' dir='ltr'>quo&#39;·</span> 
     </span>
    </p>
   </div>
   <div class='ocr_carea' id='block_1_2' title="bbox 333 2315 1299 2462">
    <p class='ocr_par' dir='ltr' id='par_1_2' title="bbox 333 2315 1299 2462">
     <span class='ocr_line' id='line_1_43' title="bbox 333 2315 1299 2462; baseline -0.004 -81"><span class='ocrx_word' id='word_1_367' title='bbox 333 2321 456 2460; x_wconf 61' lang='lat' dir='ltr'>puati03</span> <span class='ocrx_word' id='word_1_368' title='bbox 478 2321 602 2385; x_wconf 87' lang='lat' dir='ltr'>alterum</span> <span class='ocrx_word' id='word_1_369' title='bbox 618 2322 746 2387; x_wconf 86' lang='lat' dir='ltr'>merita.</span> <span class='ocrx_word' id='word_1_370' title='bbox 769 2324 806 2386; x_wconf 90' lang='lat' dir='ltr'>In</span> <span class='ocrx_word' id='word_1_371' title='bbox 821 2322 934 2389; x_wconf 88' lang='lat' dir='ltr'>meritis</span> <span class='ocrx_word' id='word_1_372' title='bbox 949 2339 1095 2462; x_wconf 54' lang='lat' dir='ltr'>mffenuus</span> <span class='ocrx_word' id='word_1_373' title='bbox 1108 2362 1123 2393; x_wconf 80' lang='lat'>‚</span> <span class='ocrx_word' id='word_1_374' title='bbox 1149 2339 1185 2380; x_wconf 90' lang='lat' dir='ltr'>ac</span> <span class='ocrx_word' id='word_1_375' title='bbox 1203 2315 1299 2377; x_wconf 58' lang='lat' dir='ltr'>libera«</span> 
     </span>
    </p>
   </div>
   <div class='ocr_carea' id='block_1_3' title="bbox 1187 3933 1268 3997">
    <p class='ocr_par' dir='ltr' id='par_1_3' title="bbox 1187 3933 1268 3997">
     <span class='ocr_line' id='line_1_44' title="bbox 1187 3933 1268 3997; baseline 0 -17"><span class='ocrx_word' id='word_1_376' title='bbox 1187 3933 1268 3997; x_wconf 80' lang='lat' dir='ltr'>tres,</span> 
     </span>
    </p>
   </div>
   <div class='ocr_carea' id='block_1_4' title="bbox 0 0 1508 4559">
    <p class='ocr_par' dir='ltr' id='par_1_4' title="bbox 0 0 1508 4559">
     <span class='ocr_line' id='line_1_45' title="bbox 0 0 1508 4559; baseline 0 0"><span class='ocrx_word' id='word_1_377' title='bbox 0 0 1508 4559; x_wconf 95' lang='lat' dir='ltr'> </span> 
     </span>
    </p>
   </div>
  </div>
 </body>
</html>
