3000 4559
502 484 914 549 oRArrouam
1084 509 1146 571 ιη

234 566 357 630 micitia
376 564 482 628 causas
504 567 668 631 recensere.
697 567 791 629 Proba
816 567 892 628 mihi
916 560 1064 631 tecu'm'in
1083 574 1186 656 aliquo

234 649 342 730 tegotio
364 643 529 708 societatem
553 648 645 708 ullam
666 647 768 718 fuisle;
789 646 880 728 proba
896 647 1097 720 vicinitatem
1137 674 1185 714 to-

234 749 256 790 ta
284 745 472 789 communem
502 727 630 788 Patriam
659 726 823 808 longissime
852 727 986 808 gentium
1014 673 1183 808 agentibus3

234 805 312 868 roba
332 806 413 896 paria
432 806 551 877 studia3
581 806 672 897 proba
692 826 792 888 parem
812 823 956 878 atatem3
987 807 1112 890 denique
1133 810 1185 871 ali·

234 904 311 969 [uam
334 905 365 946 m
388 902 450 948 tota
467 886 530 948 vita
550 887 626 947 mrhi
642 903 738 948 tecum
755 885 928 949 intercessisse
951 883 1184 951 familiaritatem

234 965 335 1028 roba.
364 964 394 1027 Si
415 965 522 1027 horum
542 985 635 1028 unum
655 965 743 1028 efficis
764 1010 774 1043 ,
805 965 859 1029 tibi
886 965 950 1029 sum
979 966 1187 1046 amicissimus,

234 1045 295 1107 nihi
324 1045 413 1107 etiam
443 1046 573 1127 graviter
594 1043 747 1108 infensus·
776 1048 821 1109 De
841 1045 1020 1109 salsamentis
1039 1050 1184 1131 quoniam

234 1124 372 1188 idieulum
393 1125 459 1200 est,
479 1126 509 1185 id
531 1142 648 1187 tantum
669 1126 790 1189 dicam:
811 1127 833 1189 si
853 1125 1002 1189 nobiscum
1023 1128 1043 1189 ii
1065 1148 1186 1212 quoque

234 1205 349 1268 micitia
368 1203 603 1295 conjunguntur,
622 1205 675 1287 qui
696 1206 809 1282 sciunt,
826 1227 881 1269 nos
900 1206 1059 1290 aliquando
1078 1209 1183 1271 amicis

234 1285 330 1368 liquid
353 1285 431 1346 dono
453 1284 571 1358 misisse,
592 1303 713 1362 tecum,
735 1286 895 1367 Princeps,
914 1307 1017 1349 omnes
1037 1288 1183 1364 latrones,

234 1366 352 1440 icarios,
371 1362 466 1439 sures,
487 1364 639 1447 sacrilegos
661 1364 776 1427 summa
795 1366 928 1428 amicitia
947 1368 1117 1437 coniunsios
1131 1369 1183 1430 ha·

234 1464 281 1506 es.
302 1447 417 1504 Omnes
439 1445 518 1505 enirn
540 1445 650 1520 sciunt,
674 1462 702 1508 te
721 1445 855 1528 quotidie
876 1445 979 1507 multis
995 1447 1028 1507 in
1044 1446 1184 1522 Italiam,

234 1544 245 1585 ι
268 1522 474 1603 Hispaniam,
502 1525 533 1585 in
555 1525 712 1602 Galliam,
741 1527 772 1587 in
795 1526 984 1588 Germaniam
1007 1524 1184 1588 nobiliffima

234 1603 334 1665 tittere
355 1623 491 1664 munera.
512 1606 543 1665 Ο
559 1604 697 1680 siultum,
713 1624 748 1666 ac
763 1604 917 1666 ridiculum
935 1605 1072 1667 amicitior
1092 1607 1184 1668 ratio·

234 1683 392 1744 inatorem.
409 1683 555 1746 Amicitia
571 1685 779 1766 integerrima,
794 1701 883 1775 atque
898 1684 1075 1761 istiusmodi,
1091 1706 1182 1769 quam

234 1783 245 1824 ι
267 1762 428 1838 significas,
448 1785 484 1824 ea
502 1765 576 1825 item
596 1764 677 1846 signa
695 1766 763 1827 sunt
782 1763 948 1840 verissima,
967 1784 1020 1847 pro
1040 1768 1136 1828 amico
1152 1765 1183 1828 se

234 1840 349 1903 mnibus
378 1843 511 1924 periculis
539 1845 665 1919 offerre,
696 1844 876 1926 sponsionem
897 1845 1047 1927 ingentem
1069 1864 1121 1928 pro
1141 1867 1180 1911 eo

234 1922 379 1998 issolvere,
400 1943 469 1984 eum
487 1943 542 1984 aere
561 1925 658 1986 alieno
677 1925 814 1999 liberare,
836 1925 929 1987 nullis
946 1925 1110 2007 sumptibus
1125 1946 1178 2007 pto

234 2000 267 2062 lo
287 2021 427 2081 parcere,
458 2003 556 2082 praeslo
577 2003 623 2064 illi
643 2005 675 2064 in
696 2006 814 2066 consilio
835 2005 953 2079 adesse,
983 2026 1014 2066 re
1034 2006 1180 2088 nusquam

234 2081 324 2143 cesse.
353 2082 434 2156 Quid
456 2098 580 2156 autem,
609 2081 846 2158 sceleratissime,
877 2084 898 2144 fi
921 2085 1066 2159 mihies,
1089 2102 1180 2166 quem

234 2159 376 2237 rositeris,
398 2181 475 2222 unus
492 2182 528 2222 ex
550 2161 625 2220 meis
653 2162 786 2238 intimis,
803 2181 836 2222 ac
859 2162 938 2243 quod
958 2183 1026 2224 cum
1044 2163 1181 2224 omnibus

234 2241 352 2301 micitia
381 2240 510 2301 vinculis
536 2240 706 2309 conjunttus
725 2239 795 2312 srs,
822 2259 873 2301 cut
903 2258 961 2320 ego
985 2257 1014 2301 te
1039 2237 1183 2302 infensissi-

234 2339 297 2381 rum
326 2318 436 2379 lroslem
465 2318 596 2398 experior
611 2316 624 2376 l·
651 2339 702 2379 cur
729 2318 813 2379 nulla
840 2317 934 2378 caussa
961 2333 1079 2379 tantum
1106 2319 1181 2381 ami·

234 2417 279 2461 um
301 2397 399 2478 prodis
415 2396 426 2456 ι
454 2417 508 2458 cur
527 2415 566 2458 aes
585 2413 670 2457 tuum
692 2398 822 2457 alienum
841 2416 907 2458 meo
928 2396 1067 2479 sanguine
1086 2398 1187 2459 studes

234 2475 388 2540 issolvere?
409 2496 462 2538 cur
481 2492 509 2538 te
530 2474 762 2539 nocentissimum
783 2474 915 2536 liberas?
936 2496 984 2539 me
1004 2478 1179 2540 innocentis·

234 2577 317 2617 nrum
338 2554 474 2618 accusas?
492 2577 544 2618 cur
563 2555 703 2639 denique,
726 2577 794 2621 cum
815 2555 938 2636 Pylades
957 2557 1010 2632 sis,
1031 2578 1092 2619 non
1113 2560 1176 2640 agis

234 2633 371 2718 pladem?
390 2657 450 2699 non
472 2636 568 2699 vincis
585 2637 716 2698 Oreliem
738 2658 797 2699 non
818 2637 872 2698 esl'e
889 2635 1041 2699 Orestem?
1065 2639 1178 2701 Verum

234 2733 329 2779 tntum
350 2715 447 2793 abest,
467 2733 500 2778 ut
522 2716 582 2779 ulla
604 2717 682 2779 inter
702 2737 756 2779 nos
771 2716 904 2780 amicitia
918 2717 1119 2795 intercesserit,
1142 2735 1177 2780 ut

234 2795 264 2858 ix
295 2795 396 2858 umbra
429 2796 607 2876 cognitionis
637 2798 836 2879 agnoscatur.
864 2797 932 2870 Jam
953 2818 1011 2880 ego
1040 2815 1068 2860 te
1096 2799 1178 2862 vide·

234 2894 244 2935 ι
272 2875 420 2950 arbitror,
456 2875 593 2957 Princeps
620 2877 802 2960 aquiffime,
831 2898 891 2960 quo
922 2878 987 2940 loeo
1009 2878 1106 2940 nostra
1126 2879 1174 2939 de-

234 2955 324 3029 usto,
366 2974 405 3014 uo
423 2953 505 3015 istius
521 2956 667 3018 accusatio
683 2957 839 3019 constituta
859 2957 920 3028 s1t3
947 2977 1014 3019 cum
1035 2977 1095 3038 quo
1116 2976 1179 3018 uno

234 3031 346 3116 lepori
370 3053 466 3094 rmum
486 3035 620 3096 amicitiae
642 3034 770 3115 praesrdio
792 3035 954 3110 nitebatur,
975 3036 1007 3096 id
1029 3051 1125 3095 totum
1147 3035 1176 3095 ei

234 3130 358 3196 ceptum,
377 3130 466 3195 atque
486 3114 620 3174 eversum·
636 3113 688 3174 esse
708 3114 838 3186 constet,
877 3112 1076 3194 sanissimeque
1090 3133 1110 3174 a
1125 3133 1179 3175 no·

234 3192 256 3254 is
275 3195 429 3276 probatum
449 3193 509 3267 sit,
537 3212 591 3254 nos
621 3211 658 3253 ne
687 3191 773 3253 illum
793 3192 843 3273 qui
865 3212 913 3252 em
933 3193 964 3251 in
986 3193 1038 3255 via
1057 3211 1109 3272 pro
1128 3212 1177 3253 co·

234 3272 295 3349 pito
316 3273 469 3336 salutasse.
498 3273 528 3333 Si
551 3271 622 3355 quid
645 3288 742 3333 tamen
765 3270 889 3410 scrupuli
909 3271 1018 3345 rellat,
1041 3290 1101 3352 quo
1122 3270 1178 3334 tibi>

234 3353 341 3415 undum
363 3354 433 3415 satis
452 3353 582 3434 liqueat,
604 3350 733 3413 nuncid
752 3369 885 3432 protus,
902 3370 938 3412 ac
956 3369 1044 3432 quarn
1067 3351 1176 3432 paucis-

234 3427 296 3510 imis,
312 3433 366 3495 tibi
385 3433 529 3495 evellam.
550 3430 683 3495 Attende
694 3430 808 3512 igitur,
825 3429 1071 3511 quemadmodum
1087 3430 1173 3494 facis.

234 3507 272 3595 dic
290 3515 368 3574 enim
389 3511 446 3588 esl,
466 3513 619 3594 Princeps,
638 3527 692 3575 aut
709 3508 856 3592 nusquam
874 3509 946 3571 alibi
967 3511 999 3572 in
1018 3526 1080 3573 tota
1095 3511 1175 3574 caus-

234 3604 259 3662 ί,
275 3592 324 3654 ubi
345 3593 432 3654 istum
451 3593 500 3655 vel
511 3593 573 3663 ejus
588 3591 677 3672 ipsius
690 3589 786 3655 verbis
802 3590 1027 3652 condemnatum
1045 3591 1170 3654 habeas.

234 3662 292 3734 >icis
314 3670 427 3754 [redeo
441 3673 479 3734 ad
494 3670 685 3753 te‚Caesar‚]
705 3691 753 3733 me
772 3689 837 3732 eam
861 3672 1011 3752 pecuniam
1033 3671 1087 3733 tibi
1113 3671 1173 3734 Ve-

234 3751 297 3828 eriis
316 3749 504 3814 dinumerasse
524 3752 605 3813 domi
625 3770 721 3826 meat,
751 3748 802 3811 ubi
829 3765 865 3812 tu
881 3751 999 3833 quidem
1022 3773 1061 3814 nu
1105 3770 1173 3812 uam

234 3825 309 3896 uisis.
327 3834 370 3894 At
391 3831 450 3895 hoe
468 3829 556 3913 ipse,
582 3831 654 3895 siid
675 3850 731 3914 ego
749 3847 934 3913 pernegem,
956 3832 1017 3897 tuis
1038 3831 1100 3895 tesli
1122 3847 1175 3900 us,

1058 3925 1131 3988 quo-

1293 3996 1312 4049 1
