3000 4559
549 477 960 538 ORATtoNus
1131 494 1189 552 rw

262 576 351 620 team
375 576 443 619 eum
464 555 556 618 Paulo
576 557 631 617 111.
652 558 740 619 Pont.
762 557 843 618 Max.
866 556 920 616 bac
941 553 1041 616 eadem
1061 557 1098 617 de
1115 558 1231 633 caussa,

263 654 298 699 nt
314 635 398 712 esset,
421 636 450 696 se
463 636 627 699 contulisst:
650 654 768 699 tantum
786 635 860 696 illud
880 634 973 709 addo,
994 655 1053 696 non
1074 635 1131 704 jam
1149 637 1229 698 hunc

263 715 380 791 verbis,
400 715 447 777 sed
468 737 497 778 te
519 716 581 797 ipsa
599 715 688 777 fidem
709 716 832 777 suamin
847 713 1070 795 Rempublicam
1089 715 1227 777 Christia-

262 816 334 859 nam
356 797 467 879 optime
483 797 701 876 comprobasse.
732 798 813 857 Nam
838 816 899 877 quo
914 812 1045 874 ternpore
1060 795 1141 856 Gens
1164 794 1227 856 bar-

263 875 361 951 bara,
389 893 420 936 at
442 896 477 937 ue
497 876 562 938 Diis
582 875 716 938 omnibus
739 875 885 951 inimica,
912 876 1042 937 Romam
1063 874 1166 954 capit,
1194 895 1228 936 ac

262 956 385 1038 diripit,
406 896 650 1039 &ementemque
670 957 755 1017 Pont.
776 956 858 1016 Max.
880 955 1011 1036 primum
1033 955 1161 1029 Roma,
1181 952 1231 1015 de·

261 1035 330 1101 inde
352 1036 384 1096 itt
405 1035 591 1098 Urbetetana
609 1035 717 1098 obsidet
737 1058 747 1108 ;
777 1035 809 1097 in
829 1056 890 1119 qua
905 1033 995 1097 Urbis
1012 1033 1176 1114 direptione
1197 1056 1232 1097 o·

262 1116 345 1177 mia
364 1114 402 1176 ad
423 1117 463 1176 im
486 1115 508 1176 ii
530 1115 650 1177 vitieris
670 1116 822 1178 libidinem
841 1115 940 1180 euersa
958 1115 1052 1186 sunt;
1079 1116 1231 1192 humana,

261 1195 383 1275 diuina,
403 1135 541 1276 progna,
562 1195 655 1271 saeta,
676 1197 806 1288 direpta,
824 1196 956 1269 incensa,
972 1195 1114 1276 Virgines
1127 1214 1236 1269 coram,

262 1274 463 1351 Potentibus,
491 1276 601 1336 Uxores
646 1277 677 1338 in
706 1277 849 1339 Virorum
877 1274 1057 1355 conspeetu,
1085 1295 1119 1337 ac
1138 1290 1191 1365 pto

263 1354 421 1436 oumpieru
451 1355 666 1435 constupratae,
686 1355 719 1418 in
741 1356 828 1430 viis,
855 1356 886 1416 in
913 1354 1048 1434 Templis
1067 1295 1230 1434 ommni}

262 1434 300 1497 de
315 1478 328 1509 ,
342 1435 446 1496 omnia
467 1434 628 1516 turpiffima
648 1452 828 1517 perpetrata.
848 1435 926 1509 His,
947 1434 956 1493 i
1000 1453 1087 1507 uam,
1108 1432 1234 1497 miserti·

263 1515 320 1576 mis
336 1514 557 1577 difficultatibus
571 1516 626 1576 Rei
649 1515 873 1578 ub.Christianae
888 1533 977 1594 oppte
1046 1511 1122 1574 solus
1138 1515 1232 1576 Fran·

262 1593 352 1656 eiscus
373 1595 437 1656 Rex
458 1537 988 1667 Christianidimussubvenit,soluss
1047 1591 1163 1655 antibus
1178 1612 1230 1655 εκ·

261 1675 330 1735 teris
344 1673 524 1755 Principibus
540 1696 607 1737 vere
622 1677 732 1757 Regem
741 1674 806 1756 egit
820 1672 1113 1735 Christianiffimum.
1130 1676 1232 1750 Quam

264 1766 392 1834 nemque
413 1758 504 1816 tutari
525 1776 586 1817 non
610 1757 727 1837 potuit,
748 1756 867 1829 saitem,
890 1776 927 1816 ne
949 1762 1014 1815 tota
1031 1770 1233 1835 conuenerat

263 1829 394 1894 maditus
419 1851 612 1911 everteretur,
632 1833 874 1897 Christianiffime
917 1833 1063 1897 rohibuit.
1083 1838 1164 1897 Nam
1186 1851 1230 1898 et⁴

265 1911 325 1973 ianr
341 1913 414 1974 dum
426 1916 457 1974 in
466 1916 650 1978 Urbevetana
657 1917 796 1978 Clemens
805 1856 938 1978 Pontiidx
948 1917 1031 1977 Mat.
1047 1915 1232 1992 obfideretur,

266 1991 419 2074 Romaque
440 1994 530 2055 hostes
552 1996 637 2056 libere
657 1997 839 2077 poti-rentur,
857 1994 1030 2060 Luttechius
1049 2014 1118 2058 cum
1139 1995 1235 2057 maxi·

266 2090 335 2147 mo,
355 2092 389 2134 as
406 2072 584 2134 nobilissimo
606 2076 750 2148 exercitu,
765 2076 817 2154 qui
835 2077 951 2155 utrique
967 2094 1052 2154 opem
1069 2072 1174 2149 ferret,
1191 2074 1230 2136 ab

264 2148 321 2212 boc
344 2153 426 2232 Rege
445 2153 692 2214 Christianiffimo
710 2155 741 2212 in
764 2152 883 2214 Italiam
906 2153 1064 2221 mittitur3
1087 2155 1124 2213 de
1148 2154 1230 2223 cujus

265 2230 397 2292 adventu
414 2232 465 2294 vix
483 2233 595 2310 primus
612 2233 735 2292 nuntius
758 2230 796 2290 ad
820 2251 900 2293 aures
926 2231 1053 2292 hostium
1078 2233 1229 2308 pervenit,

264 2320 334 2373 tum
351 2309 452 2388 fugam
466 2308 651 2388 expediunt,
674 2308 887 2386 Romamque,
910 2329 944 2369 ac
959 2305 1131 2368 Pontificem
1149 2308 1232 2371 Max.

265 2389 418 2451 deserunt.
438 2388 468 2449 Si
485 2389 550 2469 quis
567 2388 681 2456 huiusce
694 2387 763 2449 faeti
780 2406 894 2468 quanta
909 2388 1001 2468 pietas
1016 2383 1122 2463 fuerit,
1160 2409 1230 2451 uan-

261 2482 355 2549 taque
370 2468 404 2527 in
416 2467 515 2530 Deum
529 2469 601 2548 Opt.
617 2468 699 2529 Max.
716 2466 836 2550 Religio
850 2467 963 2531 fortasse
978 2468 1093 2549 quatit,
1100 2468 1124 2528 is
1138 2408 1231 2530 icelus

263 2546 425 2622 host-ium,
442 2548 470 2609 is
496 2547 683 2609 barbarorum
698 2549 854 2611 bominum
873 2548 1074 2631 impietatem,
1087 2548 1231 2610 Deorum·

264 2646 324 2710 que
347 2627 481 2690 omnium
503 2645 706 2710 contemptum
728 2629 906 2692 confideret.
926 2627 1012 2690 Certe
1027 2629 1081 2710 qui
1100 2628 1234 2709 cuipiam

266 2706 399 2783 misero,
420 2722 510 2801 atque
534 2709 615 2790 inopi
637 2709 807 2772 Christiano
820 2726 906 2792 opem
925 2709 1050 2782 tulerit,
1074 2709 1098 2770 is
1116 2709 1230 2771 summa

266 2786 522 2850 commendatione
542 2788 650 2870 dignus
669 2790 855 2869 judicabitur,
869 2811 905 2852 ac
926 2810 994 2852 eum
1010 2787 1174 2851 Christiane
1189 2787 1233 2850 fe-

267 2868 331 2929 eisst
348 2884 451 2929 onmes
465 2868 658 2949 praedicabunt
670 2870 747 2953 {qui
762 2890 833 2933 vero
848 2871 986 2933 univetsae
1003 2867 1127 2950 Reipub
1143 2869 1230 2929 Chri·

266 2943 365 3010 iiienn
381 2947 560 3021 subvenerit,
580 2950 722 3029 quiea-m,
739 2947 915 3012 nesunditus
932 2949 1083 3022 interiret,
1096 2946 1231 3027 provide·

249 3026 391 3110 ·rit,qui
405 3027 439 3087 in
450 3026 606 3116 pristinum
620 3027 726 3089 statum
742 3028 922 3101 restituerit,
947 3029 971 3090 is
987 3027 1062 3088 mihi
1077 3047 1137 3087 non
1154 3045 1231 3087 unus

268 3105 360 3168 homo
384 3104 642 3169 Chnstianifftmus
659 3149 669 3179 ,
685 3108 732 3167 sed
749 3127 823 3169 unus
839 3127 874 3169 eit
890 3108 955 3166 Diis
973 3107 1038 3184 ipsis
1064 3104 1227 3166 existimen-

267 3184 321 3247 dus
337 3187 390 3247 esse
406 3185 537 3248 videtur.
557 3184 605 3246 Au
621 3184 794 3248 Christiana
808 3186 925 3267 pietatis
943 3229 955 3260 ,
976 3204 1010 3245 ac
1025 3185 1154 3246 Deorum
1171 3185 1231 3245 Re·

268 3264 392 3346 Iigionis
407 3264 587 3327 sandiissimae
639 3265 734 3326 otiam
749 3280 916 3327 caetetarum
941 3282 1061 3346 quoque
1082 3265 1228 3326 virtutum

267 3365 329 3407 non
346 3346 444 3408 minor
459 3345 522 3408 laus
536 3366 585 3407 acc
622 3348 675 3420 it,
694 3344 733 3406 de
751 3344 858 3427 quibus
874 3344 1008 3423 deinceps
1032 3344 1115 3405 nobis
1131 3343 1230 3406 dicen·

267 3423 338 3487 dum
354 3424 413 3487 est.
431 3427 476 3487 Ac
489 3426 618 3506 primum
633 3425 669 3487 de
686 3424 853 3505 prudentia.
872 3426 952 3485 Nam
960 3423 1010 3485 etsi
1026 3424 1100 3486 hanc
1116 3426 1147 3486 in
1164 3440 1230 3488 tota

267 3507 401 3569 oratione
426 3505 557 3567 diffusam
580 3506 634 3568 esse
657 3503 742 3567 facile
757 3503 909 3580 sentietis,
931 3522 991 3565 non
1007 3503 1065 3566 fuit
1080 3521 1178 3567 tamen
1194 3527 1229 3568 o·

269 3585 479 3658 mittendum,
500 3586 573 3669 quin
596 3588 683 3658 hujus
708 3584 821 3667 aliquid
843 3586 934 3646 etiam
957 3584 1113 3666 separatim
1136 3586 1231 3647 attin·

267 3684 384 3759 gerent.
405 3664 502 3734 Hujus
527 3683 626 3729 autem
647 3666 766 3729 virtutis
781 3664 946 3749 quantavis
960 3665 1011 3740 sit,
1048 3681 1230 3748 uentumque

268 3765 302 3807 m
317 3745 402 3806 rebus
426 3744 561 3809 omnibus
584 3746 743 3820 conducat,
767 3746 792 3807 is
816 3743 994 3809 stultissimus
1010 3687 1070 3820 ed,
1090 3746 1142 3827 qui
1166 3764 1228 3805 non

264 3824 367 3889 ridet.
387 3824 459 3887 Haec
473 3844 618 3909 namque,
630 3824 774 3910 quidquid
790 3825 938 3909 quiscum
953 3824 1012 3889 alio
1025 3869 1037 3903 ,
1050 3842 1138 3912 atque
1154 3822 1230 3884 adeo

1095 3911 1190 3964 lecum
