3000 4559
482 437 904 506 .onATronan
1103 466 1139 528 η

213 519 293 606 plius
316 538 381 590 erat
404 520 435 586 in
458 522 589 600 Clodio,
610 522 690 607 quod
735 523 878 586 estilentia
898 522 997 587 saltem
1014 525 1052 588 ab
1076 530 1178 608 agris,

256 601 454 680 sessionibus,
475 603 601 681 aedibus,
619 620 710 688 atque
770 623 854 665 orum
878 602 1012 686 Templis
1028 605 1150 670 abstinet
1166 632 1179 682 ,·

243 684 314 748 lodii
333 706 402 748 vero
427 683 518 746 rabies
540 684 644 746 omnia
665 681 857 759 absumebat,
880 682 955 746 nihil
972 685 1076 776 reliqui
1093 686 1178 750 facio·

213 762 281 827 bat.
306 764 414 828 Addite
431 763 487 826 hoc
501 764 618 839 etiam,
638 764 653 836 J
658 762 752 827 udices
770 807 780 838 ‚
798 761 877 846 quod
892 763 1058 853 pestilentia
1072 765 1102 827 in
1121 767 1179 848 ple

208 836 274 918 be,
301 861 390 928 atque
413 841 613 915 abjectioribus
639 843 809 924 plerumque
824 843 993 907 bominibus
1018 845 1082 906 vim
1098 845 1179 909 suam

210 941 342 987 exercere
357 923 475 988 videtur
491 944 502 994 3
521 939 554 985 at
569 922 670 985 Clodii
685 921 767 985 sutor
783 938 868 988 tanto
884 923 977 996 major
997 923 1030 987 iri
1052 923 1152 989 ruebat
1169 970 1181 1002 ‚

209 1003 291 1085 quod
315 1005 348 1066 in
363 1001 558 1067 nobilioribus
582 1001 785 1085 grassabatur,
806 1018 840 1066 ut
856 1003 947 1066 etiam
969 1004 1016 1081 ,fi
1065 1002 1100 1069 iis
1115 1005 1179 1087 psa·

209 1081 338 1159 cet,'Cn.
355 1083 508 1166 Pompeius
526 1081 583 1143 Vir
596 1083 680 1144 omni
696 1082 890 1166 Imperatoria
911 1083 997 1150 laude
1012 1085 1181 1150 cumulatus

208 1160 317 1226 aedium
336 1163 521 1247 parietibus,
541 1177 631 1244 atque
655 1160 824 1227 horninibus
843 1164 965 1226 annatis
979 1165 1016 1227 ab
1031 1163 1115 1235 liuius
1132 1164 1179 1228 iri·

207 1239 332 1307 fustibus
356 1244 397 1305 asi
420 1258 472 1305 uot
496 1239 524 1302 se
539 1240 600 1302 dies
624 1258 720 1325 tegere
735 1263 772 1304 co
793 1257 907 1308 eretur.
930 1245 974 1305 Ut
986 1245 1041 1328 qui
1057 1259 1176 1308 tantum

207 1322 348 1386 morbum
365 1343 383 1384 a
397 1262 532 1384 divitaie
547 1320 642 1383 nostra
656 1322 752 1384 averti
774 1338 830 1396 et,
850 1322 903 1412 qui
927 1337 1076 1388 tantorum
1093 1323 1178 1401 scele-

208 1421 278 1464 rum
303 1400 413 1464 Urbem
440 1401 608 1482 purgasset,
650 1402 680 1463 ui
704 1400 839 1463 omnium
856 1401 1110 1471 immunditiarum
1124 1401 1179 1465 soe·

204 1481 358 1543 diffimam
383 1480 513 1544 cloacam
529 1421 666 1544 eduxisset
682 1524 694 1558 ,
710 1481 808 1542 multo
831 1481 934 1555 majori
950 1481 1081 1562 Templo
1097 1526 1107 1559 ,
1131 1499 1177 1545 at·

208 1581 269 1642 que
295 1561 481 1625 veneratione
504 1558 611 1644 [quod
635 1580 703 1624 cuin
719 1560 869 1641 Apollinis
889 1559 985 1642 gratia
998 1559 1112 1624 dissum
1126 1582 1180 1626 vo-

207 1642 242 1702 lo
266 1641 280 1721 ]
296 1640 471 1704 diuturniori
487 1682 497 1714 ,
544 1658 612 1701 uam
635 1641 752 1722 Anguis
776 1639 827 1701 isle
845 1639 1050 1722 Apollinaris,
1069 1641 1178 1724 dignus

207 1720 264 1782 esse
287 1720 439 1785 videatur.
457 1718 514 1782 Sed
561 1721 592 1782 ic
614 1719 721 1793 locus,
744 1718 886 1796 Judices,
907 1721 968 1782 bac
990 1720 1177 1787 celeberrima

206 1800 301 1862 Curia
316 1798 402 1872 huius
418 1798 578 1881 Templum
595 1797 807 1882 amplissimum
823 1800 879 1862 erit
896 1820 905 1871 ;
925 1800 1004 1862 sacra
1020 1822 1107 1874 vero,
1122 1820 1176 1865 cae·

207 1881 371 1955 remonstr,
399 1879 554 1954 visiimae,
583 1879 708 1942 bonores
724 1879 830 1962 reliqui
852 1878 1041 1946 illustrissima
1063 1882 1177 1945 senten·

209 1960 318 2023 tiarum
341 1960 499 2024 vestrarum
523 1959 696 2021 absolutio:
717 1959 798 2030 cujus
845 1958 919 2022 loria
943 1981 1003 2023 non
1028 1960 1121 2024 solum
1142 1963 1177 2023 in

207 2038 262 2100 hac
280 2038 357 2102 Urbe
371 2039 410 2102 ab
427 2037 564 2101 omnibus
578 2037 770 2101 celebrabitur
785 2082 795 2112 ,
816 1980 863 2100 sid
880 2055 978 2102 toturn
991 2039 1103 2103 Orbem
1118 2056 1176 2104 ter·

206 2139 304 2182 rarum
321 2120 373 2182 suo
389 2119 540 2199 splendore
563 2116 734 2179 illustrabit.
756 2118 845 2191 Uni,
868 2117 883 2189 J
887 2119 983 2181 udices
1001 2163 1011 2193 ,
1031 2117 1178 2196 obfuisse,

206 2200 240 2261 iri
258 2200 358 2282 aliqua
372 2198 469 2280 iniqui
486 2197 580 2259 animi
596 2213 679 2276 parte
696 2218 708 2266 ‚·
724 2195 873 2276 pluribus,
890 2198 922 2257 in
938 2196 1034 2258 multo
1048 2199 1179 2280 iniquio-

207 2281 233 2340 ri
252 2299 261 2348 3
284 2276 446 2352 omnibus,
471 2277 503 2335 in
520 2274 702 2356 iniquissima
717 2273 882 2335 habendum
899 2274 954 2335 esse
969 2273 1112 2347 videtum
1135 2277 1179 2338 ita

207 2359 261 2421 uni
281 2355 440 2437 profuisse,
457 2355 490 2414 in
506 2353 607 2435 aliqua
622 2367 703 2434 parte
717 2352 792 2413 bene
809 2352 887 2433 grati
906 2353 1002 2414 animi
1018 2373 1029 2425 3
1045 2353 1178 2435 pluribus

206 2436 307 2498 inusto
330 2433 436 2505 maiori
454 2453 464 2504 3
487 2431 627 2497 universae
651 2451 722 2494 vero
738 2431 824 2512 Reip.
841 2431 874 2492 in
891 2433 1023 2502 maxima
1037 2452 1180 2516 reponeri-

204 2517 279 2578 dum
297 2515 352 2578 esti
378 2517 480 2590 Quare
504 2512 640 2588 Miloni,
664 2511 718 2594 qui
735 2511 768 2571 in
783 2510 889 2582 majori
914 2510 1077 2575 necessitate
1093 2516 1179 2596 Reip.

205 2594 308 2679 prasio
324 2596 433 2670 affuit,
456 2593 510 2676 qui
528 2592 612 2655 illam
626 2611 664 2655 eir
680 2589 914 2666 sceleratissimi,
938 2612 973 2654 ac
988 2590 1091 2655 nefarii
1109 2595 1179 2658 sica·

208 2676 246 2738 rii
262 2674 407 2738 furoribus
424 2674 464 2735 eri
487 2674 533 2735 uit
549 2715 560 2748 ‚
579 2671 634 2756 qui
652 2671 712 2742 eius
736 2670 860 2742 injurias
874 2671 974 2735 illatas
990 2675 1120 2754 graviter
1133 2675 1178 2739 ul-
1204 2736 1214 2746 ,

205 2773 255 2818 tus
271 2753 311 2817 est
325 2799 336 2831 ‚
351 2755 403 2837 qui
420 2694 517 2816 muito
535 2753 684 2844 graviores
699 2748 863 2814 inferendas
876 2753 1002 2895 repulit,
1022 2769 1112 2836 arque
1125 2773 1177 2816 eir·

205 2836 326 2910 tinxit,
345 2833 457 2908 vobis,
477 2832 616 2907 ludices,
636 2832 670 2894 dr
685 2850 739 2913 pro
754 2831 892 2893 universa
936 2852 979 2913 ep.
1003 2833 1104 2914 &pro
1121 2834 1176 2896 sin·

231 2912 287 2975 ulis
313 2911 401 2974 etiam
423 2931 476 2992 pai
497 2912 596 2993 gratia
614 2909 762 2972 referenda
775 2913 843 2974 est:
864 2931 953 2993 quam
972 2928 1073 2972 tamen
1089 2934 1109 2974 a
1124 2934 1178 2976 vo-

207 2936 253 3056 sis
279 2990 359 3052 Milo
382 3010 443 3053 non
465 3007 527 3051 tarn
541 2990 703 3072 capessat,
721 3010 814 3072 quain
839 2989 926 3051 illum
939 2991 1021 3053 diem
1037 2991 1176 3053 laudandi

203 3072 327 3138 'nullum
351 3068 440 3132 finem
464 3067 559 3142 facit,
582 3069 637 3150 qui
659 3069 687 3129 ei
706 3086 820 3131 tantam
837 3069 941 3144 hanc,
964 3087 1085 3149 tamque
1100 3071 1178 3149 opti-

205 3172 291 3217 mam
310 3149 506 3223 occasionem,
545 3166 582 3208 ua
598 3147 635 3208 de
656 3147 728 3229 Rep.
750 3148 847 3208 iioslra
869 3148 981 3227 optime
996 3148 1101 3208 mereri
1115 3147 1180 3229 pos

206 3235 254 3297 set
270 3277 282 3308 ,
301 3230 445 3293 divinitus
466 3167 591 3289 obediit.
612 3225 727 3300 Nasci,
748 3226 861 3300 Judicas
878 3270 888 3299 ‚
908 3242 996 3307 atque
1017 3227 1049 3285 in
1070 3227 1122 3288 lias
1138 3225 1180 3289 fe-

207 3309 358 3377 licissimas
378 3328 461 3372 auras
478 3351 487 3383 ,
508 3321 622 3391 atque,
644 3323 710 3387 quo.
720 3303 865 3377 fruimur,
881 3301 1116 3374 iucundissimum
1132 3307 1179 3374 lu-

209 3414 278 3457 men
298 3391 346 3453 edi
366 3434 376 3465 ,
406 3389 520 3451 summa
540 3385 580 3446 est
601 3383 724 3446 felicitas
744 3428 754 3459 ,
783 3383 954 3466 summaque
973 3385 1136 3468 voluptas,
1155 3388 1177 3451 si

205 3473 233 3534 ii
254 3490 317 3534 turn
338 3470 451 3543 simus,
480 3467 532 3549 qui
554 3465 615 3526 hac
636 3463 740 3525 sentire
770 3461 906 3545 possimus
925 3485 934 3536 3
963 3465 1008 3527 sed
1030 3466 1060 3526 is·
1076 3481 1176 3529 tamen

209 3552 358 3614 interdum
376 3546 418 3610 'est
440 3545 570 3610 hominis
589 3561 671 3607 ortus
690 3544 772 3626 ,qui
794 3563 859 3604 cuni
877 3562 971 3607 moire
992 3547 1054 3627 ipso
1074 3548 1181 3610 termi-

208 3648 296 3694 natur
315 3652 324 3701 ;
345 3628 507 3691 conservari
529 3646 598 3688 vero
620 3624 709 3685 Viros
732 3644 768 3683 eii
790 3622 952 3687 certissimis
974 3627 1042 3690 virae
1064 3629 1178 3708 pericu-

205 3712 246 3775 lis
263 3755 273 3786 ,
293 3725 382 3792 atque
404 3728 492 3790 prope
512 3706 545 3767 iri
565 3705 666 3781 vitam
683 3702 801 3765 reduces
820 3701 909 3780 fieri,
933 3720 971 3768 ue
992 3709 1025 3767 in
1045 3727 1109 3768 eoin
1133 3708 1176 3768 vi-

204 3807 298 3868 tani,
318 3807 408 3874 quam
430 3787 494 3849 laete
509 3783 738 3860 traducerem,
760 3783 873 3924 rssduces
895 3784 955 3848 lieri
973 3830 983 3862 ‚
1002 3804 1106 3922 omnop
1124 3802 1176 3844 vo-

832 3886 852 3942 4
1104 3882 1133 3922 U·
