3000 4559
378 498 420 561 ῳ
601 472 855 539 BAR'THOL.
885 466 1047 536 urcei!
1299 534 1303 541 ,

336 556 391 627 llla
410 556 525 624 dicendi
545 560 743 640 copia,atque
764 579 812 617 arn
834 555 962 617 lificandi
984 554 1115 616 ubertate
1137 555 1170 615 in
1180 544 1303 616 Coelu‘nl

334 642 479 705 extollat.
496 643 566 716 Quo
587 640 618 699 in
640 638 722 712 loco,
743 637 795 699 Dii
854 639 904 710 ni,
924 651 958 697 ut
978 651 1058 696 totus
1080 631 1250 695 exultabit?
1269 647 1301 698 nt

332 717 563 785 dominabitur?
594 734 629 779 ut
651 718 678 778 se
697 719 729 777 in
750 716 800 778 sua
819 715 987 800 eloquentia
1015 712 1237 775 admirabitur?
1269 728 1300 778 ut

333 815 432 864 totam
453 799 577 862 caussam
598 797 652 859 hac
672 817 730 858 una
750 812 832 878 parre
853 797 881 857 se
908 795 1041 857 sustinere
1069 794 1145 875 polle
1167 813 1231 854 non
1252 794 1300 854 du·

333 878 471 944 bitabit?
502 878 596 940 Vobis
617 893 685 938 ante
706 878 804 938 oculos
825 890 967 958 proponet
996 891 1120 958 quantas
1153 872 1300 953 Rebuspu

334 958 418 1023 blicis
434 958 593 1041 Scriptores
615 958 756 1018 utilitates
778 955 876 1018 afferre
897 955 1023 1018 soleant:
1046 954 1128 1014 fimul
1150 954 1301 1095 onrpssaoh·¹

334 1041 452 1107 mnium
474 1039 646 1112 hominum,
669 1038 830 1111 Gentium,
851 1036 1026 1117 populorum
1043 1034 1188 1095 Historias

335 1110 377 1181 do
398 1119 482 1184 vobis
511 1117 745 1198 representabir:
774 1116 978 1178 demonllrabit
1008 1113 1148 1196 quicquid
1172 1113 1298 1174 homines

339 1197 450 1259 habent
470 1197 507 1259 ab
528 1198 565 1260 us
582 1219 617 1258 ue
639 1197 746 1257 Mundi
776 1199 915 1277 origine,
946 1196 975 1255 id
996 1195 1047 1256 uni
1068 1194 1206 1257 Historia
1230 1211 1299 1255 accev

336 1294 424 1361 ptum
444 1275 543 1338 referre
560 1218 681 1338 debere.
704 1279 825 1339 Poenica
846 1277 977 1337 facultati
1000 1276 1090 1335 etiam
1112 1291 1295 1335 numerorum

339 1357 516 1436 suavitatem
537 1358 639 1418 addet.
661 1360 744 1432 Quos
766 1355 814 1417 hic
830 1357 982 1436 Orpheos,
1008 1375 1081 1436 quos
1097 1355 1209 1426 Linos,
1232 1370 1298 1434 quor

338 1438 465 1500 Ariones
489 1458 546 1498 non
567 1435 828 1498 commemorabit?
856 1437 959 1514 Sylvas
977 1479 986 1509 ,
1007 1449 1140 1507 montes,
1164 1432 1298 1506 flumina,

338 1537 427 1591 aves,
448 1518 553 1580 horum
575 1534 677 1577 canrus
699 1514 843 1578 suavitate
865 1531 1111 1596 captas,quoquo
1172 1527 1296 1592 rgerent,

336 1616 388 1658 eos
410 1596 519 1659 secutos
541 1597 595 1657 esse
615 1596 790 1657 affirmabit:
811 1617 871 1678 quo
893 1597 926 1655 in
947 1595 1014 1655 loco
1035 1614 1103 1656 curn
1146 1595 1239 1655 iutius
1257 1593 1298 1652 ha·

340 1674 459 1752 bitarit,
480 1698 513 1738 ac
535 1675 653 1740 tandem
675 1675 711 1736 ad
732 1676 809 1737 hunc
830 1679 839 1736 i
862 1676 923 1736 sum
945 1674 1087 1748 redierit,
1108 1672 1203 1741 majus
1225 1671 1298 1731 bene

341 1753 443 1817 ficium
474 1757 506 1818 in
533 1758 639 1835 Remp.
663 1755 791 1816 nostram
820 1697 861 1816 ab
887 1757 943 1816 lroc
974 1774 1033 1815 uno
1053 1753 1196 1833 proficisci
1219 1751 1299 1833 polle,

337 1853 429 1914 quarn
451 1834 488 1901 ab
508 1835 644 1896 omnibus
654 1835 859 1908 cincinnatis,
880 1835 1037 1915 Agrippis,
1059 1832 1230 1907 Marcellis,
1251 1832 1296 1891 Fa·

340 1911 415 1985 biis,
436 1914 635 1994 Scipionibus,
656 1935 744 1996 quam
755 1914 879 1996 denique
900 1914 1021 1992 abipso
1044 1912 1132 1973 Urbis
1154 1911 1297 1975 conditore

339 1992 472 2068 Romulo
488 2015 547 2059 non
564 1994 604 2055 est
620 1994 798 2075 proseslum,
819 1995 902 2057 vobis
920 1994 1050 2075 prestare
1070 1994 1126 2053 aud
1166 1992 1207 2067 it,
1239 2009 1297 2054 curu

338 2070 388 2163 {lli
410 2087 525 2161 tantum
546 2095 581 2134 ea
602 2075 760 2154 gesserint,
781 2095 844 2155 quae
867 2096 934 2136 mox
957 2075 1055 2154 suapte
1086 2094 1124 2132 na
1221 2069 1299 2132 essent

342 2168 521 2228 tarentum,
543 2155 627 2215 illum
650 2176 718 2216 vero
741 2156 849 2217 Urbem
872 2155 991 2236 quidem
1020 2151 1248 2233 amplilstmam,
1271 2168 1297 2213 ac

344 2229 528 2311 longilsrmos
549 2233 580 2294 in
608 2255 699 2296 annos
721 2235 914 2309 duraturam,
944 2233 990 2294 sed
1020 2253 1084 2314 quae
1113 2249 1242 2306 tamen,
1272 2245 1299 2292 ut

339 2328 502 2374 tescaeterae
519 2357 529 2387 ,
549 2313 633 2375 suum
656 2315 743 2376 finem
767 2316 833 2377 eslet
854 2315 1012 2386 habitura,
1033 2312 1206 2386 condidisse,
1230 2315 1299 2373 hunt

333 2396 410 2480 *uero
439 2391 532 2454 solum
561 2394 640 2474 quasr
671 2395 720 2455 suo
752 2396 854 2475 spiritu
876 2393 1057 2455 haecomnia
1078 2391 1298 2453 nonsolumiu

339 2485 423 2546 urta,
444 2472 490 2532 sed
511 2473 601 2535 etiam
623 2475 654 2537 in
676 2474 780 2535 illustri
799 2477 864 2536 vira
885 2475 1007 2534 retinere
1059 2473 1114 2547 sse,
1136 2471 1222 2533 vobis
1243 2491 1298 2552 per·

339 2546 457 2615 suadere
477 2569 592 2632 perget:
614 2573 779 2635 nomenque
806 2554 957 2627 vestrum,
977 2574 1015 2613 ve
1041 2573 1161 2634 tamque
1181 2551 1299 2634 gloriam

339 2618 392 2714 sua
412 2631 520 2691 virtute
541 2630 691 2692 latissimos
712 2635 852 2695 terminos
872 2633 922 2693 sibi
944 2633 1118 2695 constituisse
1141 2653 1201 2693 non
1219 2651 1302 2712 nega·

343 2705 406 2795 brt,
426 2708 766 2796 seduangustissrmoseos
786 2715 840 2774 elle
862 2733 919 2793 prae
928 2714 981 2787 iis,
1004 2733 1077 2794 quos
1098 2713 1184 2774 vobis
1206 2711 1298 2772 nullos

339 2783 427 2855 huius
444 2786 573 2849 Hrstoria
591 2789 630 2851 est
647 2792 832 2869 impositura,
853 2793 1015 2853 conllanrer
1031 2792 1175 2854 tuebitur.
1200 2791 1301 2853 Postr'r·
1322 2852 1324 2859 .

342 2883 394 2925 mo
415 2885 468 2924 vos
490 2864 551 2945 [ut
576 2887 635 2929 rem
656 2872 773 2949 propius
789 2872 903 2952 agam]
925 2873 961 2932 ad
984 2871 1111 2942 Maiores
1134 2872 1245 2933 vestros
1265 2891 1301 2931 rt·
1324 2864 1327 2891 ³

341 2943 485 3014 vocabit3
508 2947 707 3036 continuoque
729 2949 905 3023 Africanos,
927 2951 1055 3026 Brutos,
1079 2953 1204 3014 Fulvios
1224 2951 1300 3013 vobit

337 3041 502 3114 proponet,
515 3045 574 3171 flur
587 3026 683 3117 usque
704 3049 739 3091 eo
759 3029 868 3093 divinis
890 3032 950 3093 istis
971 3033 1139 3093 hominibus
1159 3031 1300 3104 studuere,

341 3119 376 3166 ut
396 3123 506 3194 primus
532 3127 647 3196 ¹unium
657 3108 942 3172 Poetamiusuorum
962 3112 1133 3192 Scipionum
1156 3112 1300 3192 sepulchro

337 3182 427 3251 condi
448 3185 582 3258 tusser1t3
611 3187 684 3248 alter
705 3190 788 3251 Accii
816 3188 1030 3253 familiarisfimi
1053 3192 1096 3253 sui
1127 3191 1299 3253 carminibus

338 3261 551 3355 Templorum,
575 3285 875 3357 aemonurnentorum
897 3272 1012 3333 suorum
1022 3273 1117 3334 aditus
1137 3272 1297 3342 exornant,

337 3358 428 3430 atque
450 3343 641 3434 deprmrerrt3
670 3351 773 3410 tertius
796 3371 866 3412 vero
888 3353 919 3411 in
940 3351 1031 3412 Ennii
1054 3353 1200 3413 honorem
1229 3351 1297 3414 AEto·

340 3419 411 3479 licas
434 3422 586 3514 manubias
608 3446 668 3487 non
688 3427 831 3492 dubitarit
852 3431 946 3511 magis
969 3433 1177 3513 Mufis‚quam
1203 3429 1298 3502 Marti,

339 3498 519 3564 consecrare.
535 3503 592 3591 Hrs
606 3505 687 3567 suurn
699 3509 846 3598 Magnum
862 3511 951 3571 etiam
962 3512 1117 3592 adjunget,
1136 3513 1190 3593 qui
1207 3512 1300 3571 Theo·

342 3577 469 3656 phanem
491 3575 696 3668 Mytilenaeum
721 3587 885 3668 scriptorem
908 3612 1003 3652 rerum
1018 3593 1132 3653 suarum
1155 3612 1226 3652 cum
1243 3589 1298 3652 uni·

338 3656 412 3720 versi
441 3676 581 3723 exercrtus
611 3663 711 3743 plausu
739 3668 871 3731 Ciuitate
898 3669 1048 3741 donavit;
1076 3692 1172 3753 neque
1205 3669 1298 3731 nostris

247 3820 251 3827 .
338 3750 521 3813 contentus,
546 3759 672 3830 quantus
700 3746 731 3806 in
760 3749 884 3809 Homeri
905 3746 1001 3810 sabula
1031 3751 1162 3833 insurget
1178 3749 1194 3810 θ’
1222 3747 1297 3811 vobis

222 3874 300 4058 ἱ
335 3814 418 3900 quati
428 3813 535 3885 bellun
556 3836 633 3889 inter
645 3821 783 3911 legerere
818 3830 991 3897 acerrimum
1008 3830 1116 3918 &ptem
1140 3831 1297 3903 civitam,

689 3966 692 3971 .
1232 3927 1266 3978 ut
