3000 4559
269 545 309 605 tri
328 546 359 606 iit
374 542 503 623 secunda
521 544 638 604 editione
658 542 855 622 nuncupavit,
885 560 919 602 ut
936 542 973 603 iis
992 544 1023 604 in
1043 542 1114 624 bisce
1133 542 1234 609 hama

267 623 392 686 nioribus
408 625 515 702 sludiis
535 622 589 699 fibi
608 623 741 685 Alumnis
769 619 818 682 boc
837 621 919 681 etiam
939 623 1052 685 docendi
1072 626 1150 686 modo
1177 648 1232 688 nott

265 705 380 783 deeset.
410 708 506 784 ltaque
525 704 685 764 imitationis
712 702 812 762 laudes
828 701 985 781 perftcutus
1005 703 1142 781 ostendit,
1169 706 1233 767 imi·

271 786 355 845 taudi
373 786 504 844 rationem
519 784 675 865 plurimum
695 783 727 842 in
749 782 824 842 omni
837 782 977 858 facultate
1004 784 1175 858 conducere,·
1200 783 1232 846 ob

269 863 360 924 oculos
398 866 455 924 onit
473 864 547 925 duas
574 865 610 925 de
628 863 781 922 imitatione
808 861 944 923 titiones
966 885 1018 923 uon
1046 863 1146 925 leviter
1163 866 1233 925 inter

262 944 299 1020 se
319 880 528 1023 diffinientem
549 944 697 1003 imitatores
717 941 789 1021 ipsos
802 877 888 1018 diam
911 943 1029 1020 iuterse
1048 943 1161 1004 laudem
1184 943 1234 1004 ha·

269 1021 331 1082 bere
343 1020 506 1102 fignificat3
528 1023 695 1101 sententiam
708 1023 792 1099 suam
811 1022 847 1081 de
866 1023 1018 1084 imitatione
1046 1024 1183 1105 exponit5
1204 1025 1235 1084 in

267 1101 390 1181 qualibet
404 1103 543 1182 facultate
562 1101 690 1163 Auiiores
710 1102 823 1183 optimos
837 1100 983 1183 propositos
1004 1105 1055 1182 effe
1080 1102 1176 1164 debere
1195 1105 1236 1164 ad

266 1183 435 1243 imitandum
448 1182 600 1264 fiaggerit3
628 1183 758 1244 imitandi
777 1181 909 1243 rationem
934 1206 996 1244 cum
1022 1182 1160 1245 bominum
1174 1183 1233 1262 slu-

268 1263 352 1336 diis,
380 1280 439 1323 tum
459 1265 544 1321 etiam
573 1280 673 1321 natura
694 1259 842 1336 beneficio,
868 1263 1022 1341 plurimum
1039 1263 1159 1343 prodesse
1186 1265 1235 1324 de-

268 1341 412 1417 monsiret.
435 1344 568 1402 Praeterea
585 1343 692 1402 indicat
707 1385 716 1417 ,
738 1345 917 1416 Ciceronem,
946 1342 985 1404 Φ
1004 1342 1152 1421 Virgilium
1170 1344 1234 1403 imi·

268 1421 402 1481 tatiomm
418 1420 568 1502 laudasse,
588 1421 626 1482 (9·
645 1423 796 1502 prestitisse
811 1443 824 1491 ,·
843 1422 959 1500 quinam
975 1423 1103 1496 imitari,
1124 1422 1235 1484 velnott

270 1500 378 1560 imitari
408 1501 518 1561 dicendi
530 1499 618 1574 fint3
647 1502 829 1562 imitationem
857 1501 922 1560 dari
949 1501 980 1570 in
1002 1523 1028 1562 re
1055 1500 1233 1581 multiplici,

268 1601 323 1637 non
355 1601 392 1638 rm
411 1580 489 1651 lici3
511 1581 588 1642 'duas
607 1582 660 1661 effe
679 1583 721 1642 ad
740 1577 920 1641 imitationem
942 1583 1031 1657 vias,
1060 1582 1175 1644 docendi
1201 1604 1235 1643 u·

268 1681 336 1718 nam
352 1703 362 1733 ,
375 1597 514 1735 sirr'bendi
532 1663 647 1721 alteram
665 1682 675 1734 3
695 1662 809 1742 aliquid
824 1665 932 1742 semper
953 1685 988 1722 ex
1002 1662 1153 1740 imitatione
1173 1662 1237 1722 atti·

265 1739 409 1798 madverti
423 1740 522 1820 posse,
543 1763 653 1823 quaque
671 1746 776 1803 ratione
795 1742 914 1801 imitatio
928 1741 1076 1820 sacimda.
1106 1742 1234 1822 Denique

268 1816 318 1878 ubi
338 1817 499 1878 imitationis
513 1838 646 1903 precepta
665 1823 808 1898 tradidit,
831 1823 985 1884 Ciceronem
1004 1824 1044 1884 ad
1063 1821 1234 1883 imitandum

260 1899 413 1978 proponit,
434 1899 648 1980 concluditque,
669 1903 804 1977 imitari,
831 1900 977 1978 emulari,
999 1903 1084 1984 sequi
1103 1901 1158 1961 tria
1178 1901 1230 1982 effe

265 1979 372 2037 omnim
387 1978 479 2059 specie
500 1981 637 2058 diversa,
664 2002 760 2061 genere
781 2000 872 2042 tamen
894 1984 1014 2062 quodam
1036 1980 1077 2056 fic
1091 1980 1232 2057 fimilia,

265 2076 324 2133 ut,
344 2059 419 2138 quod
433 2056 472 2131 stt
491 2060 590 2136 alius,
619 2061 733 2139 vicissim
753 2061 794 2121 ad
812 2063 888 2120 alius
907 2062 1124 2122 commoditatem
1142 2079 1232 2122 nans-

262 2139 385 2216 serntur.
415 2141 449 2197 ln
468 2137 517 2200 hoc
536 2156 629 2199 autem
651 2143 736 2219 Opere
776 2141 850 2217 affim
878 2140 915 2200 de
934 2141 1101 2204 Aufioribttr
1119 2139 1234 2201 latinis

265 2218 407 2296 judicium
427 2216 529 2291 habes,
546 2219 584 2278 (9
599 2217 654 2291 fibi
676 2223 746 2279 Bart
779 2220 888 2278 lomaeus
907 2221 1017 2282 Riccius
1034 2220 1077 2279 ita
1092 2218 1231 2293 consinus,

265 2296 307 2356 (9
329 2296 440 2373 {qualis
465 2298 495 2354 in
515 2295 656 2371 diiiione,
686 2297 725 2358 (θ’
746 2297 897 2356 eruditione
916 2298 978 2373 esi,
1006 2314 1038 2354 ut
1057 2298 1118 2373 sure
1136 2296 1233 2366 metito

267 2374 317 2436 ltoc
348 2377 427 2454 Opus
449 2374 616 2435 literatorum
643 2375 766 2436 Virorum
780 2373 911 2435 manibus
930 2374 1023 2437 adbuc
1049 2375 1148 2435 tritum
1168 2394 1230 2433 eant

265 2453 380 2513 laudem
400 2453 513 2515 Auciori
524 2455 580 2531 suo
593 2457 749 2536 pepererit,
770 2478 827 2536 qua
848 2455 978 2534 majorem
994 2477 1047 2516 non
1059 2455 1154 2534 solunt
1169 2475 1231 2517 con·

260 2534 371 2614 sequi,
385 2533 440 2611 sed
459 2557 492 2596 ue
512 2552 601 2618 optare
623 2536 734 2618 quidem
754 2535 901 2617 quisquam
918 2536 1012 2618 poffit.

286 2695 334 2757 'De
361 2696 499 2762 evitanda
515 2712 633 2840 ,ςαῑῖιῃε
649 2694 1027 2843 corppcscessdplplalcundia
1042 2696 1079 2760 ad
1094 2695 1208 2770 Iulium

434 2822 438 2829 ·
548 2798 666 2841 oerum
700 2797 772 2842 uum
821 2798 891 2863 resp
924 2798 991 2842 um.

270 2942 335 3078 C
348 2937 401 2994 Um
413 2937 513 3014 Julius
532 2937 650 3000 Cocbius
667 2938 822 3018 adolescent
841 2940 882 3000 ad
901 2940 973 3001 itam
992 2938 1115 2999 maxime
1130 2933 1232 3017 procli·

359 3014 433 3089 vis,
455 3015 585 3096 obtusus
604 3019 790 3155 inatpotentiam
810 3020 950 3081 interdum
963 3038 1008 3082 ca
1030 3032 1144 3096 ageret,
1171 3033 1232 3091 W

267 3093 417 3171 modeslum
439 3095 533 3154 virum
554 3118 606 3154 non
646 3116 745 3158 ecetent
765 3141 776 3171 ,
792 3096 850 3176 sub
871 3090 1243 3178 disciplina-Bartholomaei·

268 3172 359 3233 Riccii
378 3175 514 3248 viveret,
541 3172 806 3235 &humanioribus
834 3177 923 3236 literis
943 3190 1049 3255 operam
1067 3172 1172 3246 daret,
1198 3187 1231 3233 ut

269 3253 329 3328 eius
349 3252 441 3314 morbo
458 3251 620 3335 depellendo
643 3243 874 3334 presentiffimrim
902 3254 1051 3314 temedium
1070 3248 1232 3329 adhiberet,
1259 3281 1262 3295 ·

268 3333 308 3391 &
328 3334 475 3395 iracundie
492 3333 663 3412 soeditatem.
683 3330 715 3392 ob
734 3334 823 3394 oculos
839 3350 980 3414 poneret,
1007 3329 1132 3393 libellum
1159 3330 1232 3393 bunc

269 3413 444 3492 conscripsti,
466 3414 543 3492 eique
563 3413 699 3488 dicavit,
727 3412 759 3472 in
779 3435 832 3493 quo
848 3413 996 3475 iracundie
1015 3412 1107 3494 turpia
1126 3411 1232 3472 damna

266 3492 402 3569 recenset,
430 3500 543 3573 eamque
566 3493 756 3573 gravissimam
775 3493 889 3554 rationis
905 3538 914 3569 ,
931 3492 970 3555 (θ’
988 3492 1114 3555 orationis
1129 3491 1233 3554 adver·

264 3570 371 3645 soriam
392 3572 516 3633 exhibet.
545 3574 697 3652 Ostendit,
726 3594 795 3649 eos,
815 3574 868 3653 qui
888 3573 1053 3636 iracundioti
1065 3571 1136 3650 stunt
1157 3572 1233 3651 inge·

270 3650 340 3725 uio,
368 3673 402 3710 ert
421 3653 535 3712 Platone
556 3654 596 3714 ad
621 3652 784 3735 disciplinas
804 3653 915 3733 quidem
976 3653 1128 3736 stipiendat
1153 3667 1233 3733 aptos

271 3729 347 3807 esse,
374 3730 414 3790 ad
433 3730 641 3812 Rempublicam
670 3671 988 3814 autemgubernuudiim
1007 3732 1143 3805 minime,
1167 3747 1254 3809 pro-¹¹

266 3809 402 3889 ponitque
422 3810 453 3870 in
471 3810 614 3876 iracundia
631 3815 769 3878 Socratem
788 3813 978 3894 imitandum,
992 3813 1050 3894 qui-
1061 3809 1253 3884 -Xarrrr‘ppamt

1128 3903 1234 3964 tutto·¹
1313 3893 1315 3897 ⁴
