3000 4559
343 438 545 528 assensio
565 464 739 527 cousin
760 465 869 527 ensa
892 468 1085 531 sarnum.
1128 489 1186 548 209

250 540 416 621 AEtiffimos,
447 568 513 624 quos
527 544 616 625 supra
635 567 802 607 communem
829 545 971 608 hominum
992 550 1084 610 aleam
1106 553 1223 633 futffe,

248 622 409 705 halotum
430 625 571 702 consensus
591 623 775 706 approbavit.

266 783 385 869 ssReoe
407 800 440 846 tu
461 784 579 866 quidem
601 783 687 866 agis,
709 785 797 848 etiam
815 786 948 850 ratione.
970 788 1073 850 Tuum
1097 789 1176 851 enim
1198 789 1225 852 i·

251 863 363 926 tritium
385 883 451 926 cum
477 862 554 936 fine3
576 882 733 946 utrumque
760 881 858 929 autem
886 887 954 930 cum
983 867 1081 931 medio
1111 869 1226 959 optime

252 943 422 1007 consentit:
454 945 555 1006 omnia
577 965 645 1007 vero
666 945 821 1008 ambitioni
843 943 1028 1011 referuntur.
1050 951 1174 1026 Quoties
1195 968 1225 1009 e-

254 1024 318 1087 dim
335 1023 396 1093 jam
413 1023 549 1086 Historia
560 1040 615 1088 tuae
631 1024 719 1086 fecisti
727 1025 927 1089 mentionem?
948 1047 1013 1112 quae
1030 1027 1227 1090 omninonul-

252 1104 283 1167 la
302 1106 368 1166 est.
399 1105 480 1165 Nam
504 1125 597 1187 neque
624 1105 759 1188 Princeps
779 1107 835 1170 hoc
858 1108 912 1172 tibi
942 1128 1049 1172 munus
1070 1106 1227 1170 demanda·

255 1183 320 1249 vit.
343 1181 426 1254 Jaua
447 1200 593 1267 quantum
615 1186 660 1248 vis
682 1187 712 1247 in
724 1186 861 1250 omnibus
883 1186 1024 1264 tabernis,
1046 1190 1226 1271 cuiquecum

253 1262 413 1340 fimilibus,
434 1266 584 1327 mentieris
606 1265 742 1348 semper,·
762 1283 839 1330 certe
861 1269 910 1331 vel
932 1289 1088 1331 nummum
1110 1266 1223 1331 obeam

252 1344 439 1426 scriptionem
461 1343 515 1406 tibi
536 1345 728 1409 constitutum
752 1347 832 1423 elle,
862 1368 934 1410 num
958 1368 1027 1410 uam
1047 1368 1115 1410 vere
1135 1347 1224 1420 jaeta-

254 1420 324 1488 bis.
344 1423 432 1501 Quod
455 1446 525 1487 vero
547 1446 608 1487 non
629 1421 727 1488 lisbeat
750 1428 860 1490 caeteris
881 1369 1019 1509 Epiltolae
1041 1447 1113 1488 meae
1135 1426 1227 1515 parti-

255 1503 308 1568 bus
331 1503 526 1585 respondere,
560 1522 616 1567 tuae
638 1521 734 1568 toturn
757 1506 798 1568 est
818 1506 1000 1582 insolentia,
1023 1526 1061 1569 an
1124 1522 1180 1567 trus
1202 1505 1227 1565 i-

255 1584 416 1668 gnorantiae
435 1582 445 1644 l
467 1586 519 1666 qui
542 1605 609 1647 cum
632 1606 691 1646 non
720 1585 826 1648 habeas
856 1586 904 1647 vel
936 1585 1016 1669 quod
1040 1606 1090 1649 ver
1111 1604 1161 1647 um
1182 1580 1224 1646 fa·

254 1666 331 1739 c'ias,
354 1665 410 1725 hoc
433 1664 521 1725 modo
544 1664 718 1745 ineptiffime
740 1666 953 1757 responfionem
976 1665 1085 1748 fingis.
1117 1664 1172 1727 Sed
1194 1682 1227 1724 re

253 1751 327 1827 opus
349 1744 406 1818 est,
427 1765 486 1806 non
508 1744 597 1805 minis
619 1744 821 1826 inepriffimrs.
844 1745 933 1824 Quod
954 1745 1045 1821 dicis,
1066 1761 1095 1808 te
1111 1742 1226 1808 amicis-

253 1825 325 1887 fimo
347 1824 421 1884 Viro
442 1823 615 1886 beneficium
639 1823 757 1897 fecille3
784 1825 869 1888 credo
888 1871 898 1902 ,
919 1842 948 1888 te
970 1825 1027 1896 jam
1051 1825 1142 1887 tidem
1165 1823 1226 1885 sen·

252 1904 329 1980 lille,
350 1904 402 1986 qui
426 1903 483 1965 Vir
505 1903 556 1965 ille
576 1903 610 1968 fit
630 1951 637 1965 .
658 1906 747 1982 Quod
770 1906 806 1967 ad
828 1907 930 1969 darum
952 1905 1006 1968 ben
1046 1905 1154 1978 cium,
1185 1901 1227 1964 fa·

252 2000 351 2060 tetur,
373 2000 401 2045 te
418 1985 510 2055 majus
534 1982 583 2045 fibi
594 1985 661 2047 dare
683 1987 858 2068 nequiville,
880 2007 969 2070 quam
992 2002 1065 2049 utre
1085 1984 1228 2064 hocquo-

249 2086 310 2153 que
332 2063 422 2125 modo
444 2062 654 2142 ineptissimum
665 2066 717 2125 elle
739 2066 914 2126 declarares.
938 2066 1065 2127 Nullum
1075 2065 1156 2125 enim
1166 2062 1227 2122 cui-

248 2165 345 2233 quam
367 2157 419 2205 aut
437 2143 557 2216 majus,
586 2158 637 2204 aut
655 2144 761 2204 certius
783 2143 984 2204 testimonium
1006 2141 1135 2205 adhiberi
1161 2159 1229 2220 por·

249 2224 293 2289 est
315 2269 324 2301 ,
343 2242 433 2306 quam
457 2219 538 2302 quod
560 2221 618 2358 ipse
641 2220 677 2282 de
699 2222 727 2281 se
748 2242 799 2283 ore
822 2221 1040 2294 suo'tellatur,
1062 2241 1095 2280 ac
1116 2218 1229 2297 scriptis

248 2305 347 2369 etiam
368 2300 483 2382 publice
506 2318 560 2360 con
584 2314 675 2360 rmat.
699 2301 849 2363 Postremo
871 2320 959 2374 vem,
980 2296 1104 2361 Studiosr
1127 2297 1227 2372 Viri,

248 2380 326 2468 quid
348 2402 366 2440 a
387 2379 436 2440 itis
461 2377 472 2438 ἓ
493 2377 565 2458 quid
586 2379 747 2439 dormitis?
770 2378 843 2460 quin
865 2378 991 2459 arripitis
1013 2376 1129 2440 dicendi
1151 2375 1228 2456 ligu-

248 2474 320 2528 ram
343 2401 555 2520 ulrtatiffimam
585 2474 673 2548 atque
694 2457 737 2520 ele
760 2455 964 2520 antiffimaml
994 2459 1052 2539 Ego
1075 2457 1178 2535 nsandi
1194 2454 1230 2531 se

249 2540 348 2622 ipsum
366 2535 457 2612 fibiin
471 2536 605 2618 speculo,·
625 2552 697 2597 rtem
718 2479 810 2613 illud,
826 2540 916 2619 sorpta
936 2559 1103 2600 communem
1119 2535 1227 2595 aleam.

248 2622 285 2683 Ο
304 2618 478 2680 Ciceronem
503 2614 726 2679 infantissrmum
752 2663 762 2694 ,
788 2618 841 2709 qui
862 2637 1025 2700 numquam
1047 2615 1090 2679 ira
1112 2615 1231 2677 locutus

249 2716 283 2763 es
303 2698 383 2780 :qui
407 2714 459 2759 tuo
480 2697 570 2759 modo
591 2696 702 2779 semper
723 2696 822 2760 scribrs
838 2721 850 2758 .·
881 2716 923 2771 ut,
936 2715 989 2760 tuo
1009 2698 1100 2760 etiam
1122 2693 1230 2756 merito

248 2779 326 2854 fiat,
349 2777 369 2839 fi
391 2778 548 2858 Scriptores
570 2793 598 2840 te
620 2798 679 2839 non
703 2778 869 2850 imitentur3
889 2777 1047 2859 Apuleium
1071 2775 1167 2857 magis
1189 2773 1230 2835 se-

252 2874 405 2950 quentum
427 2857 543 2938 posthac
565 2878 635 2919 vero
644 2859 782 2920 Sardum.
805 2857 884 2935 Hic,
906 2858 953 2921 hic
962 2857 1018 2934 est,
1038 2855 1164 2919 Praefeeli
1173 2855 1230 2915 Vi-

251 2959 300 3015 rr,
324 2937 361 3001 ad
381 2936 462 3006 cuius
485 2937 646 3018 imaginem
667 2937 848 3000 scribendum
872 2938 935 3009 ell3
955 2957 1044 3020 quem
1061 2951 1176 3016 patrem
1197 2953 1229 2992 e-

255 3016 435 3101 loquentiae3
457 3014 631 3077 Ciceronem
653 3015 784 3079 infantiae
806 3017 881 3077 redle
901 3016 1099 3105 appellemus.
1121 3011 1225 3090 Euge,

253 3097 344 3162 Sarde
352 3097 475 3170 Cicero,
499 3093 607 3159 scribet
648 3114 733 3174 erge,·
755 3095 841 3176 perde
851 3093 980 3154 infinitas
997 3093 1132 3161 chartas3
1148 3108 1228 3149 com·

277 3177 304 3238 le
327 3175 438 3236 Orbem
462 3174 519 3235 tuis
541 3172 614 3235 sordi
636 3172 735 3235 iffimis
756 3170 975 3234 voluminibus.
997 3171 1132 3244 Gothos,
1154 3169 1227 3229 Gal-

253 3198 321 3332 los,
343 3255 525 3329 Germanos,
547 3252 717 3333 caeterosque
739 3251 875 3315 barbaros
897 3251 1002 3326 audio,
1022 3247 1150 3311 Praefeeli
1171 3247 1226 3305 Vi-

255 3337 304 3412 ri,
326 3335 439 3397 latina
463 3336 570 3414 linguar
592 3333 737 3395 maximas
760 3333 942 3394 calamitates
964 3330 1065 3411 saepius
1086 3325 1225 3400 attulisse,

254 3436 326 3480 eum
348 3416 380 3477 in
400 3436 435 3476 ea
455 3414 536 3475 suam
558 3414 721 3475 orationem
743 3411 994 3473 derleminarunt.
1016 3407 1120 3470 Sardos
1140 3425 1196 3487 ego
1217 3449 1228 3481 ,

257 3494 471 3559 &Sardorum
493 3493 599 3555 similes
620 3491 716 3554 multo
739 3493 879 3563 majorem
901 3490 947 3551 illi
969 3488 1126 3570 perniciem
1150 3502 1228 3547 attu-

255 3575 345 3650 lille,
366 3590 454 3658 atque
475 3572 546 3634 adeo
566 3571 699 3655 quotidie
720 3573 816 3652 magis
838 3568 968 3644 afferre,
989 3588 1049 3650 quo
1070 3565 1160 3654 vultis
1183 3566 1225 3645 pi-

279 3675 372 3730 nore,
392 3653 567 3717 contendere
588 3651 701 3734 porrum
720 3697 727 3713 .
749 3655 848 3729 Quare
868 3649 951 3713 uobis
972 3667 1050 3710 nunc
1071 3645 1227 3732 provrden·

255 3676 332 3799 dum
353 3734 420 3810 ell,
446 3752 514 3795 cum
536 3753 554 3794 a
575 3731 720 3794 veteribus
742 3730 870 3794 barbaris
900 3728 1022 3811 paulum
1052 3724 1228 3812 convaluisse

257 3815 406 3888 videtur,
434 3833 472 3874 ne
492 3810 697 3876 recentioribus
726 3809 825 3951 Sardg
845 3811 877 3872 in
899 3807 1034 3873 morbum
1053 3807 1161 3941 iterpm
1184 3820 1228 3861 m·

306 3922 312 3927 ·
339 3897 422 3956 Tm.
443 3896 466 3953 I,
1086 3904 1113 3944 cl
1135 3896 1181 3942 at.
