3000 4559
471 480 937 548 .0R'AT10NES.
1137 508 1191 571 113

261 563 340 646 apud
356 564 466 627 nostros
482 562 652 647 iampridem
670 567 837 646 usurpetur,
852 564 992 627 aedificare
1009 567 1061 627 esse
1077 586 1144 648 opes
1162 573 1227 632 suas

262 664 330 706 cum
350 645 539 707 delectatione
555 645 701 707 absumere
716 666 724 716 3
749 664 842 726 neque
859 643 915 706 fere
931 645 1085 785 quisrpuam
1102 648 1157 722 ell,
1174 649 1226 732 qui

261 742 315 805 pro
334 724 445 786 viribus
472 723 527 786 suis
546 723 558 806 [
574 727 685 787 tametsi
702 725 815 805 optime
832 723 943 787 habiret
958 723 973 805 J
989 724 1101 806 aiquid
1118 726 1228 809 semper

261 806 411 865 tamenin
437 803 542 865 aedibus
561 804 617 864 suis
644 820 772 867 autnon
791 819 911 878 mutet,
932 821 984 865 aur
1004 824 1063 865 non
1081 825 1202 869 renovet
1218 828 1229 878 ;

259 883 311 965 qui
335 902 405 945 vero
429 883 628 964 locupletiores
652 883 743 958 sunt,
772 900 824 944 aut
848 882 988 944 laxislrma
1032 884 1146 959 alatia,
1176 904 1229 948 aut

261 961 469 1044 capacisormas
496 962 616 1038 villas,
644 979 696 1024 aut
721 961 895 1044 amplissima
921 904 1065 1044 Oppida,
1096 981 1148 1028 aut
1176 965 1231 1026 sre-

262 1039 472 1123 quentisormas
496 1041 588 1103 Urbes
617 1042 772 1104 condunt.
803 1041 839 1103 In
865 1063 927 1126 quo
948 1043 1109 1105 edificandi
1135 1044 1231 1107 studio

260 1138 351 1261 puato
367 1121 520 1202 magnifice
539 1122 665 1184 versatus
683 1122 717 1184 srt
732 1124 796 1184 Rex
813 1122 1041 1198 Franciscus,ne
1057 1124 1230 1205 expesietis,

281 1220 333 1262 um
351 1200 447 1262 dicam
466 1221 474 1272 ;
495 1221 589 1283 neque
612 1218 645 1262 ut
671 1203 777 1283 Regias
804 1202 889 1263 villas
920 1201 956 1264 ab
980 1203 1035 1264 hoc
1053 1203 1146 1266 subito
1162 1204 1230 1266 adi·

260 1277 362 1342 ficatas
380 1299 558 1361 percurram.
591 1281 691 1342 Nimis
718 1300 845 1362 namque
861 1281 921 1343 hac
942 1282 1030 1343 exilia
1055 1283 1120 1345 sunt
1145 1300 1229 1345 tanto

262 1360 342 1442 Regi
359 1380 369 1431 ;
390 1360 438 1432 id,
470 1359 525 1421 uod
546 1361 709 1422 maximum
726 1361 791 1435 est,
814 1361 927 1421 audite.
947 1362 1006 1422 Hic
1026 1383 1093 1423 cum
1109 1363 1140 1424 in
1161 1383 1231 1425 con·

262 1439 372 1503 tinenti
397 1380 562 1529 aediirarg,
584 1454 671 1522 atque
696 1439 768 1502 ardes
793 1439 898 1501 struere
915 1440 1049 1503 omnium
1073 1442 1228 1504 hominurn

261 1520 315 1583 csse
333 1518 460 1594 viderer,
477 1519 588 1602 aliquid
604 1521 698 1590 majus
715 1520 815 1582 animo
832 1519 975 1597 moliens,
991 1540 1024 1581 ac
1040 1521 1120 1602 Rege
1137 1521 1229 1582 Fran-

265 1596 341 1662 cisco
364 1598 487 1680 dignum
513 1597 678 1676 adificare,
700 1601 730 1661 in
755 1601 874 1661 Oceano
896 1599 933 1660 ad
959 1599 1063 1661 ostium
1090 1601 1230 1682 Sequanae

264 1678 375 1741 Urbem
406 1677 614 1740 nobiliffimam
636 1679 792 1753 condidit,
821 1698 911 1761 quam
941 1678 977 1740 de
1001 1679 1051 1741 suo
1076 1683 1232 1754 nomine,

263 1758 343 1844 quast
359 1777 452 1820 novus
471 1758 650 1835 Alexander,
668 1759 849 1822 Franciscam
866 1758 1005 1840 appellari
1022 1758 1135 1822 voluit.
1156 1762 1232 1839 Qua

263 1837 338 1899 mibi
356 1857 432 1898 nunc
450 1837 616 1917 Pyramides
634 1884 643 1914 ,
664 1840 715 1920 qui
753 1837 868 1900 ersorati
890 1857 1023 1914 montes,
1044 1839 1124 1923 quod
1142 1840 1235 1902 Mau·

264 1917 317 1979 soli
347 1916 545 1997 sepulchrum,
575 1920 627 2001 qui
652 1860 761 1981 Cololfi
777 1939 844 1980 curn
862 1918 915 1982 hac
931 1918 1010 1981 Urbe
1025 1917 1231 1982 conferentur?

264 1995 323 2058 Illa
349 2012 462 2058 tantum
488 1999 514 2057 le
532 2015 626 2060 'untur
645 2020 653 2069 3
675 2000 735 2060 brec
763 2019 834 2060 vero
853 1997 1033 2089 &frequens
1055 1999 1232 2075 habitatur,

265 2074 298 2138 dr
323 2075 423 2140 visitur
447 2077 512 2137 mir'
537 2096 592 2146 ce3
613 2078 644 2137 in
668 2097 727 2158 qua
751 2097 809 2138 una
826 2077 982 2158 multiplici
1006 2077 1168 2140 adificandi
1185 2099 1232 2139 ra-

266 2155 348 2218 tione
366 2154 439 2216 illud
464 2156 554 2217 etiam
578 2157 672 2216 inerat
697 2155 871 2230 commodi,
892 2156 971 2237 quod
997 2156 1030 2216 in
1051 2157 1086 2217 iis
1102 2155 1233 2217 adificiis

266 2235 422 2298 condendis
445 2234 573 2295 multum
590 2234 653 2314 opis
670 2234 707 2294 ad
724 2234 786 2295 suas
801 2232 928 2295 familias
945 2233 1063 2295 alendas
1080 2234 1174 2313 operis
1191 2231 1236 2295 as-

267 2311 412 2376 serebatur
430 2335 439 2384 3
461 2312 615 2392 separatim
632 2328 731 2374 autem
757 2312 934 2373 caementarii
956 2309 1029 2372 fabri
1052 2354 1062 2387 ,
1088 2329 1176 2394 atque
1201 2331 1235 2374 u·

265 2412 306 2457 rra
331 2391 464 2454 cumeis
489 2391 666 2467 architecti,
695 2391 773 2472 quafi
798 2389 875 2452 hisce
899 2388 1081 2471 amplissimis
1126 2392 1234 2453 ramiis

265 2471 449 2544 invitati,in
467 2487 558 2532 artem
578 2470 657 2532 suam
673 2469 850 2532 ardentiores
866 2469 1079 2533 efficiebantur.
1099 2411 1167 2532 dna
1183 2491 1237 2551 po·

265 2554 373 2619 {tremo
398 2550 492 2612 virtus
518 2553 628 2624 reflat,
656 2550 691 2613 de
716 2571 776 2634 qua
801 2569 923 2632 agamus
951 2550 1109 2627 hocloco,
1130 2549 1235 2612 benefi-

267 2631 389 2706 centia,
411 2649 499 2713 quam
517 2629 650 2691 eamdem
666 2629 870 2705 liberalitatem
895 2630 1013 2693 dicunt.
1034 2630 1151 2693 Caieta
1168 2631 1234 2713 qui·

268 2710 334 2773 dem
359 2710 422 2772 alia
446 2710 570 2772 virtutes
596 2711 698 2792 Regiae
727 2710 820 2785 sunt3
849 2709 895 2773 sed
921 2710 981 2773 hac
998 2730 1057 2772 una
1082 2730 1181 2774 earum
1202 2732 1239 2774 o«

271 2791 384 2852 mnium
401 2790 517 2867 Regina
532 2790 587 2851 est.
610 2792 689 2851 Nam
727 2809 850 2855 uantum
868 2792 964 2871 Reges
988 2791 998 2851 i
1020 2791 1040 2852 sr
1066 2790 1142 2854 inter
1159 2790 1234 2854 alios

269 2871 346 2933 siros
361 2890 371 2942 3
399 2868 436 2930 src
452 2869 512 2930 hac
538 2871 614 2931 inter
629 2810 823 2952 aliasliegias
840 2871 981 2936 virtutes
1008 2871 1157 2933 ominatur
1172 2891 1181 2941 3
1202 2869 1235 2932 δι

273 2946 328 3020 jure
350 2948 381 3010 id
401 2948 518 3030 quidem
539 2951 669 3029 optimo.
698 2949 727 3011 si
750 2950 848 3012 uidem
863 2950 956 3029 Reges
973 2969 1032 3010 non
1048 2967 1109 3011 tarn
1125 2950 1162 3010 ad
1178 2949 1235 3010 im·

306 3029 428 3090 randum
446 3070 455 3102 ,
477 3046 566 3108 quam
590 3030 678 3088 etiam
704 2970 748 3090 ad
757 3026 939 3112 largiendum
963 3027 993 3088 &
1010 3027 1109 3102 fiunt,
1131 3027 1162 3088 δι
1183 3047 1234 3086 na·

285 3125 413 3179 cuntur3
435 3107 516 3175 cujus
537 3105 622 3167 unius
644 3122 727 3168 tanta
748 3109 794 3168 vis
815 3109 871 3182 est,
893 3123 1034 3194 tantaque
1055 3104 1237 3185 praestantia,

275 3203 305 3249 ut
327 3188 346 3248 si
368 3189 435 3269 quis
459 3186 594 3265 Princeps
614 3185 722 3246 caeteris
744 3186 878 3249 omnibus
906 3183 999 3244 animi
1019 3183 1102 3245 bonis
1122 3200 1232 3257 careat,

276 3268 319 3329 rel
342 3268 432 3330 etiam
457 3265 540 3326 vitiis
565 3264 701 3326 omnibus
727 3264 864 3340 laboret,
891 3277 994 3324 contra
1010 3283 1081 3325 vero
1097 3264 1152 3325 hac
1177 3283 1241 3325 una

276 3343 396 3428 benigne
420 3343 543 3408 saciendi
568 3344 681 3406 ratione
706 3341 869 3419 fulciatur,
892 3342 960 3404 satis
985 3341 1088 3405 habeat
1111 3343 1148 3406 ad
1164 3342 1239 3404 bene

276 3424 310 3489 ab
325 3425 461 3489 omnibus
488 3423 665 3486 audiendum
685 3466 694 3498 ,
714 3440 801 3506 atque
823 3425 877 3484 hac
895 3442 953 3483 una
970 3421 1111 3503 largiendi
1127 3422 1239 3487 virtute

276 3507 375 3567 omnia
391 3505 468 3567 vitia
482 3503 595 3566 abunde
612 3504 797 3584 compensare
817 3500 918 3584 possit.
940 3505 1037 3578 Quam
1059 3521 1156 3567 autem
1173 3504 1240 3565 Rerc

275 3583 439 3649 anciscus
465 3583 622 3645 liberaliter
646 3583 759 3666 agendo
784 3582 940 3656 floruerit,
967 3601 1057 3663 quam
1077 3585 1168 3666 gratis
1189 3583 1241 3645 sua

274 3663 375 3755 sponte
399 3665 429 3726 in
447 3663 556 3726 multos
576 3664 672 3745 Regia
688 3681 810 3724 munera
830 3660 1008 3736 contulerit,
1028 3683 1117 3745 quam
1141 3679 1242 3744 peten-

273 3744 348 3807 tibus
373 3743 539 3806 concesserit
563 3743 691 3820 omnia,
712 3743 865 3884 impudens
890 3761 939 3803 ero
962 3743 1172 3834 ,srexplicare
1187 3761 1242 3801 vo-

271 3822 611 3962 luerotiuaeInamque
634 3842 705 3905 gent
737 3822 866 3964 ulaHest
884 3839 944 3886 ram
973 3822 1005 3884 in
1025 3823 1139 3890 ulturus
1158 3816 1243 3955 stertis

387 3925 436 3963 om.
474 3943 484 3965 .
1154 3918 1171 3959 a
