3000 4559
315 469 516 534 vertuno
536 468 707 529 CONTRA
728 468 839 529 GASP.
862 469 1051 530 SARDUM.
1093 489 1150 549 177

234 550 278 613 ric
299 549 559 621 veroattendite,
586 567 675 628 quam
698 547 814 630 sapiat.
843 546 976 609 Primum
996 549 1066 629 quid
1088 551 1182 625 dicat,

234 651 273 693 uu
294 628 455 710 intelligit.
476 626 557 704 Quid
579 629 659 688 enim
680 627 727 687 hic
749 627 860 701 cadat,
882 644 933 688 aut
955 630 1114 702 ceciderit,
1134 652 1180 692 ex-

234 708 315 783 esto,
339 707 411 769 dum
433 708 528 769 dicat.
550 708 630 768 Nam
646 707 699 788 qui
714 707 813 768 cadere
829 705 932 786 poffit,
951 707 1031 790 quod
1051 711 1183 774 nondum

234 805 273 865 t,
294 809 355 850 non
377 787 489 850 video.
510 786 575 848 Nisi
596 806 665 848 vero
689 806 791 848 verum
812 786 934 850 verbum
956 787 1089 863 Arellium
1110 790 1183 851 ceci·

234 870 311 945 trit,
334 869 367 928 in
386 869 446 938 ejus
467 882 566 928 autem
587 866 683 927 locum
706 866 813 945 Essmse
834 864 1018 930 successerit.
1046 870 1114 944 At,
1135 869 1180 929 ui-

234 965 292 1023 rte,
312 967 403 1029 quam
424 946 509 1009 isium
532 946 725 1009 adversar-ium
747 946 894 1009 timeam.
917 946 988 1018 Eius
1010 948 1108 1028 copias
1131 948 1181 1011 ad-

234 1046 316 1111 igere
337 1027 460 1109 placet,
481 1025 561 1108 quod
583 1025 642 1106 ipse
663 1047 723 1088 non
744 1027 847 1102 vidit,
879 1047 951 1107 quas
973 1043 1071 1091 tamen
1091 1048 1110 1089 a
1130 1049 1182 1090 no-

234 1109 252 1169 is
276 1105 332 1170 esse
352 1107 449 1187 postea
469 1104 743 1186 comprobabimus,
763 1123 851 1189 atque
871 1105 969 1170 statim
985 1127 1021 1170 ex
1037 1106 1100 1190 ipso
1115 1108 1181 1174 Ho·

234 1187 306 1263 itio,
328 1186 379 1249 ubi
400 1188 458 1249 ait:

289 1270 443 1328 Sermonem
455 1268 579 1348 patrium
599 1267 753 1342 ditaverit,
774 1266 814 1328 (9⁶
832 1288 908 1328 nova
929 1289 1021 1331 rerum

290 1348 412 1408 Nomina
431 1347 591 1428 protulerit:
612 1348 708 1422 licuit,
724 1348 885 1428 semperque
905 1345 999 1409 licebit

290 1429 438 1507 Signatum
456 1426 583 1506 prusente
602 1444 667 1486 nota
682 1428 830 1507 producere
849 1449 961 1488 nomaen.

234 1503 323 1572 einde
350 1526 386 1568 eit
415 1506 582 1581 Cicerone,
611 1506 663 1587 qui
690 1507 734 1568 ita
762 1526 803 1588 qu
845 1527 880 1568 ue
929 1506 1037 1587 racipit
1065 1507 1182 1571 dicenst

234 1588 356 1649 toicmum
374 1604 467 1647 antem
488 1609 541 1646 non
561 1587 686 1667 ignoras,
707 1608 792 1666 quam
804 1523 846 1660 sse
859 1589 897 1663 su
914 1586 965 1647 tile
986 1585 1183 1667 &spinosum

234 1669 302 1729 nius
321 1667 353 1727 di
376 1667 468 1728 erendi
483 1687 588 1745 genus,
609 1667 694 1746 idque
714 1689 775 1728 cnm
796 1667 922 1742 Graecir,
944 1683 1003 1728 tum
1023 1671 1114 1748 magis
1134 1691 1182 1729 no-

234 1749 270 1823 is,
291 1745 341 1826 qui
379 1748 496 1806 setiam
515 1743 600 1807 verba
615 1747 752 1825 parienda
766 1746 866 1824 stent,
894 1748 1113 1829 imponendaque
1132 1771 1181 1809 no·

234 1829 256 1888 is
276 1825 353 1888 rebus
375 1828 509 1888 nomina.
530 1828 665 1902 Quorum
687 1826 830 1888 Virorum
850 1827 1050 1904 ausioritate,
1071 1829 1182 1908 praser-

234 1928 265 1969 m
286 1907 462 1982 Ciceronis,
491 1905 579 1968 video
610 1907 762 1968 hominem
789 1905 877 1972 isium
906 1907 994 1969 altius
1015 1908 1181 1990 insurgere,

257 2008 293 2049 ue
314 2002 411 2049 totum
431 1987 559 2067 erigere,
582 2007 614 2047 ac
635 1985 726 2047 deme
746 1995 888 2066 quarere.
909 1988 989 2060 Quid
998 2006 1090 2068 ergo,
1110 1988 1181 2049 Ric-

234 2006 256 2128 i
277 2066 350 2150 quid
370 2067 412 2128 ais
434 2066 525 2128 etiam
547 2064 583 2125 ad
603 2064 775 2125 Ciceronem
792 2063 901 2129 tuum?
923 2064 1062 2146 Egone?
1084 2082 1113 2143 te
1129 2068 1183 2127 esse

234 2149 359 2210 >minem
379 2141 653 2225 imperitissimum,
683 2144 736 2223 qui
764 2142 925 2204 Horatium
955 2165 1015 2204 non
1035 2145 1182 2205 intellexi-

234 2227 257 2303 i,
279 2226 453 2288 Ciceronem
477 2242 515 2284 ne
538 2221 638 2284 vidisti
660 2220 806 2301 quidem,
834 2238 999 2303 utrumque¹
1014 2242 1084 2283 veto
1105 2221 1180 2284 rede

234 2305 390 2388 recepisse,
420 2300 466 2362 sed
487 2298 588 2362 ambos
609 2321 628 2360 a
649 2318 698 2360 me
720 2297 798 2361 esse.
827 2302 857 2359 A
880 2298 937 2360 te?
966 2300 1017 2380 qui
1041 2300 1096 2361 hoc
1117 2298 1182 2362 fieti

234 2383 320 2449 rtest?
342 2383 453 2455 immo,
473 2395 506 2441 ut
527 2400 545 2440 a
566 2395 595 2439 te
617 2378 697 2448 fint,
717 2377 802 2439 nullo
823 2379 913 2440 modo
934 2377 996 2440 fieri
1019 2379 1127 2458 potest.
1150 2379 1178 2441 I·

234 2483 286 2529 tur
310 2463 366 2522 hoc
386 2479 503 2542 quoque
524 2458 560 2519 de
584 2478 630 2520 me
650 2456 752 2532 disce,
782 2473 937 2540 tecumque
956 2459 1080 2521 Studiosr
1103 2459 1180 2535 tui,

234 2562 296 2628 que
318 2539 389 2602 adeo
411 2540 456 2601 tui
479 2538 637 2620 Magistri.
674 2536 727 2600 Sed
750 2555 802 2617 per
822 2537 1083 2620 interrogationem
1104 2539 1181 2601 hanc

234 2638 323 2687 rrtem
347 2637 445 2683 tecum
475 2619 578 2700 exequi
598 2618 692 2680 volo.
720 2619 819 2692 Quare
840 2618 916 2682 mihi
939 2618 1118 2700 respondebis
1139 2617 1178 2680 ad

234 2748 252 2780 t,
279 2720 344 2783 qua
365 2717 394 2762 te
411 2699 537 2781 rogabo.
560 2697 608 2759 Ita
624 2696 730 2760 faciam
745 2743 752 2758 .
769 2700 877 2774 Quaero
893 2699 903 2758 i
926 2697 1001 2774 itur,
1027 2719 1095 2761 cum
1112 2699 1179 2761 Ho-

234 2783 297 2847 tius
314 2780 463 2841 &Cicero
486 2779 547 2840 haec
592 2794 714 2859 sarepta
737 2776 774 2839 de
797 2779 912 2842 nomini
952 2799 965 2840 s
990 2778 1074 2842 rebus
1089 2780 1178 2842 novis

234 2883 245 2924 r
290 2859 392 2922 nendis
414 2859 501 2934 dant,
524 2797 695 2984 quibuscum
718 2877 769 2920 eos
784 2878 870 2938 agere
893 2858 1013 2920 credas?
1035 2860 1097 2921 Cur
1111 2859 1178 2948 qui·

234 2881 325 3005 sibim
340 2959 395 3030 ego
410 2939 537 3001 credam.
562 2937 635 2998 Ita.
657 2939 741 2998 Num
765 2937 902 2998 omnibus
918 2938 1087 2999 hominibus
1104 2938 1177 2999 dice-

234 3037 277 3083 mt
297 3017 308 3080 ἓ
330 3034 421 3080 etrum
442 3015 571 3090 abhinc,
601 3015 653 3106 qui
676 3015 798 3081 ultimos
821 3015 936 3078 venturi
961 3016 1050 3076 essent
1074 3018 1105 3075 in
1126 3036 1177 3075 an·

234 3097 279 3164 rs?
301 3097 428 3174 Quando
447 3115 503 3177 ego
520 3094 574 3156 tibi
590 3093 674 3168 drco,
695 3093 795 3168 Sardi,
816 3110 850 3156 ut
866 3095 1000 3155 exomni
1017 3094 1100 3174 signo
1117 3114 1178 3155 non

234 3202 240 3242 :
267 3178 451 3252 Mercurius,
474 3176 510 3236 sic
531 3193 592 3236 non
614 3170 668 3235 esse
690 3172 827 3234 omnium
849 3173 1006 3235 hominum
1027 3172 1095 3234 scire
1115 3173 1181 3233 iite-

234 3279 270 3334 s,
289 3277 338 3320 me
359 3256 414 3318 tibi
436 3275 511 3326 cum,
525 3270 608 3315 tuam
630 3251 714 3314 istam
735 3250 874 3315 scribendi
894 3249 1090 3327 felicitatem,
1113 3268 1180 3317 tum

234 3357 304 3401 rum
333 3335 468 3399 omnium
498 3332 647 3397 scientiam
677 3331 811 3396 divinam
829 3398 831 3403 ,
848 3330 938 3395 credis
974 3330 1177 3395 subinvidere.

234 3418 288 3480 uid
311 3417 368 3479 hoc
387 3412 455 3478 est?
486 3416 585 3495 Negas
613 3432 676 3488 ne,
703 3431 769 3494 quae
798 3411 883 3492 praei
906 3411 972 3474 iunt
1000 3411 1175 3491 Scriptores,

234 3518 267 3561 >n
290 3496 434 3578 pertinere
453 3491 647 3556 communiter
667 3491 704 3554 ad
724 3492 846 3554 omnes?
898 3508 910 3553 t
927 3490 1065 3574 quicquid
1080 3492 1177 3573 ddpu·

234 3594 250 3640 t
272 3577 309 3639 de
332 3573 447 3639 Officiis
467 3573 597 3646 Cicero,
639 3570 759 3654 uicquid
778 3569 814 3633 de
836 3589 930 3634 morte
950 3573 1178 3646 contemnenda,

234 3656 359 3719 tdolote
375 3654 549 3729 tolerando,
567 3651 598 3713 δι
612 3593 647 3714 de
667 3649 774 3713 caeteris
799 3651 891 3714 animi
915 3650 1177 3732 perturbationibus

234 3735 375 3818 iperandis
396 3734 554 3816 praecipit,
582 3752 643 3794 non
693 3731 816 3794 ertinere
845 3731 883 3794 ad
904 3751 1005 3794 omnes
1027 3734 1184 3803 homines,

234 3815 374 3891 tisunt,
394 3813 516 3953 piique
532 3827 647 3877 caetetos
669 3751 760 3878 buturi
782 3811 848 3954 suff
870 3814 901 3876 in
922 3811 1042 3902 annos?
1072 3809 1188 3877 Domi-s.

270 3899 374 3963 ,Tm
412 3937 419 3954 ·
1082 3909 1134 3963 ne,

1124 1263 1129 1291 i
