3000 4559
396 494 452 552 τω
614 473 866 533 nnnrnor..
888 473 1055 531 niceri

349 555 517 620 communia
537 552 712 615 acciderent.
734 554 832 627 Nam,
853 571 917 634 qua
937 552 1030 612 Lucio
1054 551 1234 631 praenomine
1252 569 1307 616 ute·

350 655 468 712 rentur,
489 633 722 713 familia-supra
736 631 886 713 sexaginta
902 630 1145 692 numerabantur.
1169 633 1247 694 Nam
1260 636 1305 714 qui

351 739 419 779 cum
438 712 568 777 diluculo
589 710 796 786 nascerentur,
826 730 987 792 praenomen
1011 711 1138 772 Lucium
1167 710 1260 774 secum
1276 711 1308 774 ab

351 814 418 858 ortu
441 793 614 856 afferebant.
634 791 814 853 Ptaenomine
834 811 904 852 vero
927 806 1042 852 tanturn
1065 790 1196 851 Romani
1216 792 1254 852 usr
1273 791 1306 852 el·

351 875 380 937 se
400 874 553 938 videntur.
573 875 671 948 Quare
694 870 786 934 etiam
808 870 952 932 Horatius
975 869 1050 932 dixit
1073 870 1208 931 Sermon.
1225 869 1269 933 lib
1284 892 1307 932 2.

352 957 411 1018 Sat.
448 1001 458 1016 .

431 974 545 1118 batim
555 1046 644 1114 peta,
663 1026 715 1093 eur
734 1027 823 1092 Publi
842 1030 855 1109 (
869 1032 993 1114 gaudent
1002 1031 1171 1112 prenomine
1186 1028 1277 1091 milo

432 1112 574 1175 Aurt'culae
588 1118 600 1187 )
617 1109 668 1172 tibi
683 1135 726 1171 me
741 1112 903 1193 virtuttua
913 1113 983 1191 fecit
999 1112 1142 1172 amicum.

349 1198 420 1272 Quo
440 1194 471 1255 in
492 1194 559 1256 loco
575 1191 654 1271 jubet
674 1193 843 1267 Horatius,
863 1208 896 1254 ut
917 1191 1073 1253 assentator
1092 1190 1193 1270 civem
1213 1191 1307 1253 Rona-

350 1292 424 1337 num
442 1294 502 1335 non
518 1274 616 1356 gentis
632 1274 768 1348 nomine,
786 1271 833 1333 sed
849 1273 1026 1352 praenomine
1043 1271 1222 1352 appellaret,
1241 1271 1304 1352 quai

349 1374 411 1436 quo
432 1354 527 1435 magis
548 1353 752 1427 deleclaretur,
773 1367 877 1414 contra
901 1373 990 1434 quam
1015 1350 1072 1412 hoc
1098 1368 1231 1432 ternpore
1255 1349 1302 1411 fieri

350 1433 501 1496 videmus.
523 1432 677 1494 Malumus
693 1433 774 1495 enim
792 1453 893 1494 ornnes
909 1433 1003 1513 ,entis
1022 1431 1145 1492 nomine
1159 1429 1302 1512 appellari,

353 1532 386 1574 nt
411 1513 556 1595 Gypsrus,
571 1512 811 1589 Cavalcantius‚
836 1452 1012 1592 Gyrfidius,
1033 1511 1214 1585 Manutius,
1232 1510 1303 1571 Areo

351 1594 419 1654 ilius
437 1638 447 1669 ,
467 1591 625 1667 Abiofius‚
649 1593 794 1668 Riccius,
821 1611 911 1672 quam
935 1590 1142 1666 Lanfrancus,
1167 1589 1302 1652 Bartholo

349 1693 458 1747 maus,
479 1671 657 1753 Gregorius,
675 1673 807 1745 Paulus,
827 1671 1021 1744 Ludovicus,
1043 1675 1090 1732 Au
1115 1670 1240 1745 ustinus,
1259 1669 1302 1729 Ca·

349 1752 474 1812 millus.
505 1753 548 1812 At
567 1752 599 1812 in
620 1753 798 1833 cognomine
818 1750 914 1813 multo
934 1751 1072 1812 illustrior
1125 1771 1159 1811 us
1181 1750 1305 1812 sentitur.

346 1831 422 1905 Quis
439 1831 519 1893 enim
534 1845 621 1911 neget
636 1830 668 1891 in
687 1830 744 1891 Cn.
766 1829 906 1911 Pompeio
927 1831 1061 1911 Magno,
1079 1834 1193 1911 Magno
1215 1847 1300 1891 vocent

345 1909 488 1988 Pompeio
509 1910 605 1989 magis
624 1908 765 1983 artifiile,
796 1924 885 1993 atque
912 1910 986 1970 adeo
1005 1909 1146 1979 maiorem
1167 1909 1245 1992 quali
1263 1926 1301 1968 vo

348 1987 472 2070 luptatis
487 1986 692 2052 titillationem
709 1989 846 2063 movisl'e,
861 2008 951 2070 quam
967 1988 998 2050 ἃ
1014 1989 1112 2051 Cn&
1127 1983 1302 2071 Pompeium?

350 2068 400 2129 Ita
423 2069 455 2129 in
480 2066 648 2143 Africano,
666 2067 854 2143 Numidico,
870 2068 1017 2144 Asiatico,
1037 2069 1070 2130 δι
1092 2070 1126 2130 in
1154 2069 1258 2131 caetetis
1279 2085 1303 2127 e·

348 2138 394 2219 i'us
411 2145 654 2231 generisl'Relle
667 2146 806 2239 quidem,
821 2147 870 2217 sed
892 2167 992 2210 omnes
1016 2168 1076 2210 non
1101 2148 1172 2211 sunt
1195 2144 1302 2229 Magni,

349 2225 507 2304 Africani,
529 2226 705 2303 Numidici,
719 2228 857 2290 Aliatici.
877 2231 975 2304 Quare
991 2228 1136 2291 Horatius
1165 2229 1254 2308 magis
1267 2224 1300 2285 di·
1341 2265 1343 2277 >

347 2307 395 2369 xit
423 2309 617 2389 praenomine,
645 2326 737 2390 quam
757 2307 952 2389 cognomine,
975 2308 1149 2371 Romanum
1171 2306 1301 2390 gaudere3

349 2385 403 2448 nist
431 2388 466 2449 L
486 2386 682 2469 Calpurnium
710 2387 836 2450 bestiam
865 2403 937 2449 voce
959 2384 1078 2463 Bestia,
1131 2398 1202 2449 uam
1223 2383 1299 2448 Lucio
1337 2399 1343 2467 t

348 2464 554 2547 praenomine,
581 2466 613 2529 δι
641 2464 805 2546 Calpurnio
832 2468 978 2529 nomine:
1006 2468 1078 2528 item
1101 2408 1209 2539 gajum
1240 2465 1300 2527 Fau·
1336 2483 1343 2520 1

346 2546 432 2607 nium
453 2545 624 2631 Strabonem
647 2546 789 2608 Strabone
808 2568 905 2620 voce,
925 2568 1014 2630 quam
1036 2547 1103 2618 Caji
1144 2544 1297 2614 ranomine,
1335 2543 1343 2600 l

351 2624 382 2685 δι
403 2626 524 2685 nomine
544 2626 660 2686 Fannio
678 2646 686 2684 :
707 2626 781 2686 item
803 2627 861 2688 Cn.
879 2626 1053 2688 Cornelium
1074 2631 1103 2689 A
1148 2648 1221 2701 am,
1240 2640 1297 2686 voce
1335 2641 1343 2697 ς

347 2703 438 2762 Alma
458 2705 579 2783 magis,
599 2724 689 2785 quam
709 2705 767 2764 Cn.
790 2705 821 2766 δι
841 2706 982 2768 Cornelio
997 2707 1132 2788 gavisum
1154 2707 1207 2768 elle
1220 2704 1298 2765 dicen·
1334 2702 1343 2759 i:

349 2781 420 2840 dum
443 2782 494 2843 sit.
521 2782 575 2842 Sed
597 2783 683 2842 redeo
711 2783 748 2843 ad
772 2803 945 2864 prenomen.
974 2786 1069 2857 Hujus
1100 2803 1201 2849 autem
1219 2780 1298 2844 inscri-
1333 2781 1343 2841 l

348 2860 414 3000 grin
434 2877 497 2922 erat
524 2877 575 2923 aut
597 2861 715 2942 fingulis
738 2862 855 2940 literis,
886 2882 919 2927 ut
939 2866 972 2926 C.
995 2869 1028 2927 L.
1048 2868 1086 2926 T.
1111 2868 1144 2928 P.
1176 2879 1225 2926 aut
1242 2862 1296 2922 dua·
1333 2881 1343 2919 u

370 2961 427 3015 us,
448 2956 482 3002 ut
509 2941 565 3002 Cn.
586 2957 639 3002 aut
659 2940 750 3003 tribus
774 2986 783 3017 ,
812 2959 846 3005 ut
865 2944 928 3006 Sex.
957 2946 1044 3007 Certe
1073 2945 1130 3007 hoc
1153 2958 1296 3023 numquam
1333 2959 1343 2998 t

348 3019 485 3082 omnibus
515 3021 604 3082 literis
632 3022 810 3102 explicatum
832 3024 1060 3106 legitur.„lllud
1089 3047 1163 3087 vero
1184 3024 1253 3086 addo
1270 3016 1295 3107 al
1336 3019 1343 3076 ἑ

348 3099 515 3162 Tiberii&
541 3102 607 3163 Titi
636 3101 846 3165 differentiam.
877 3105 984 3165 Titum
1005 3106 1092 3167 unica
1122 3106 1207 3166 litera
1228 3098 1295 3162 scribi
1341 3119 1342 3124 ¹

349 3178 471 3243 solitum
506 3181 567 3256 fic,
597 3183 636 3242 T.
657 3181 768 3242 duabus
791 3199 890 3244 autem
910 3184 1064 3246 Tiberium
1089 3185 1148 3260 fic,
1167 3185 1216 3246 Ti.
1237 3174 1300 3263 quol
1341 3204 1342 3215 ¹

347 3259 504 3340 imperitos
529 3263 638 3322 multos
667 3261 784 3323 induxit
812 3265 844 3323 in
863 3284 1015 3337 errorem,
1046 3281 1079 3325 ut
1109 3284 1165 3344 pro
1192 3258 1297 3323 Tiberio

348 3339 502 3414 Claudio,
530 3342 561 3401 δι
580 3340 702 3403 Tiberio
722 3342 920 3422 Sempronio,
946 3360 1081 3423 corrupte
1113 3345 1241 3426 legerent
1257 3337 1300 3398 Ti·

347 3435 398 3479 to.
427 3420 494 3480 Hoc
516 3438 650 3499 praterea
677 3437 796 3482 tantum
820 3422 869 3482 fim
893 3423 937 3483 lex
959 3424 1073 3484 nomini
1095 3423 1149 3486 suo
1171 3436 1301 3503 prapont·

350 3496 453 3558 batur.
480 3499 556 3573 Quis
578 3502 656 3561 enim
679 3502 786 3562 diceret
813 3502 852 3562 T.
872 3443 905 3562 i).
926 3503 1097 3564 Cornelium
1128 3493 1300 3584 Scipionem?

349 3592 401 3637 aut
431 3577 462 3638 P.
483 3580 517 3638 l..
546 3580 718 3641 Cornelium
740 3579 873 3660 Syllam?
901 3582 932 3641 δι
955 3585 1069 3664 reliqua
1098 3583 1160 3653 ejus
1181 3573 1300 3662 generis?

348 3658 428 3717 Nam
451 3656 499 3717 ubi
522 3659 629 3738 legitur
648 3659 724 3738 apud
748 3661 868 3720 Livium
889 3660 923 3720 C.
940 3662 1058 3735 Publius
1078 3661 1110 3724 δι
1128 3663 1163 3723 C
1182 3659 1299 3741 Appius,

346 3735 379 3798 in
401 3735 506 3796 Publio
534 3738 687 3818 &Appio
716 3739 854 3800 mendum
878 3742 929 3800 elle
948 3741 1098 3816 arbitror,
1127 3764 1164 3803 ac
1184 3760 1239 3820 pro
1257 3739 1298 3800 lu
1339 3752 1341 3761 '

346 3814 427 3893 olio,
447 3816 594 3895 Publicio,
618 3819 666 3881 sel
688 3817 840 3891 Publilio,
861 3839 913 3901 pro
934 3822 1051 3902 Appio,
1073 3822 1220 3905 Appullio
1237 3864 1246 3896 ,
1264 3811 1300 3877 rel

220 3932 351 4066 ἢ
