3000 4559
402 479 462 546 144
617 461 871 525 BARTHOL.
898 453 1067 525 ieiumi

361 559 433 608 vero
454 557 588 634 perorata
606 542 727 617 croisa,
749 565 783 605 ac
803 544 891 624 probe
912 545 1006 607 nostra
1026 537 1195 604 innocentia
1214 529 1315 614 ,istim

362 626 485 688 audacia
504 622 639 704 cognita,
659 623 744 685 restat
758 623 929 705 aequissime,
949 641 1036 705 atque
1050 619 1223 702 amplissime
1237 619 1316 680 Prin·

359 726 453 786 ceps,
476 719 509 764 ut
528 720 559 764 te
580 723 687 777 otein,
715 717 748 764 ut
769 721 858 785 quam
878 703 963 773 hujus
984 705 1078 764 vitani
1100 701 1219 780 propria
1238 698 1317 760 inno·

358 784 456 846 centia
475 803 493 843 a
515 782 620 863 perjuri
644 782 772 842 hominis
793 781 864 844 falsa
885 782 1063 845 accusatione
1084 779 1170 842 facile
1190 793 1314 852 tutatur,

359 883 425 924 eain
447 863 515 924 huic
535 882 572 923 ne
591 860 789 923 Christianum
809 863 841 923 iii
862 862 922 932 ejus
942 881 1033 941 genus
1063 860 1167 922 odium
1188 874 1268 920 vetus
1288 877 1313 919 e

358 944 447 1022 ripiat
459 987 472 1017 y,
490 960 578 1024 atque
599 941 771 1002 condemnet
791 962 799 1012 3
829 941 877 1002 hic
906 942 980 1002 nihil
1002 940 1157 1021 separatim
1180 939 1314 1009 majorum

359 1023 477 1083 suorum
497 1020 585 1082 scelus
608 1021 695 1083 luat.
719 1021 794 1081 Satis
815 1022 894 1081 enim
916 1021 1054 1113 superque
1073 1020 1134 1093 fit,
1155 1017 1313 1100 quodcum

357 1102 465 1162 certeris
484 1119 638 1161 commune
658 1100 791 1183 quotidie
813 1101 946 1175 sustinet,
966 1120 1019 1183 qui
1040 1098 1137 1160 miseri
1160 1097 1239 1188 quafi
1258 1112 1313 1177 pio'·

356 1180 436 1242 cellis
456 1179 556 1250 jactati
576 1181 650 1254 huc,
671 1196 759 1262 atque
781 1180 852 1242 illuc
872 1194 969 1241 errant
987 1200 997 1251 3
1026 1180 1078 1260 qui
1101 1180 1202 1240 Patria
1222 1176 1311 1251 nulla,

355 1259 445 1320 nullis
464 1260 549 1322 certis
569 1259 680 1322 sedibus
700 1275 837 1334 utuntur,
855 1261 909 1343 qui
924 1259 1048 1341 denique
1068 1258 1154 1319 nobis
1168 1256 1249 1338 quan
1266 1254 1311 1317 sen

356 1339 389 1399 vi
409 1338 457 1401 vel
476 1339 512 1401 ad
533 1357 637 1409 nutum
658 1338 885 1420 obtemperant,
914 1356 1014 1420 parent
1035 1384 1042 1399 .
1063 1337 1112 1399 Ab
1134 1344 1191 1398 hoc
1212 1335 1309 1412 judicio

357 1434 443 1479 vetus
471 1439 506 1479 ea
533 1419 639 1490 injuria
662 1420 780 1510 prorsus
810 1419 1004 1489 excludatur3
1032 1435 1097 1500 qnae
1126 1436 1201 1480 vero
1221 1415 1309 1486 judicii

356 1499 474 1578 propria
493 1499 584 1573 sunt,
603 1514 723 1582 aquitae
745 1499 840 1575 juris,
861 1500 901 1560 rei
921 1500 1115 1570 innocentia,
1137 1497 1238 1577 legum
1257 1495 1308 1584 sari⁴

352 1575 476 1640 &issima
493 1579 627 1641 instituta
645 1577 850 1654 intercedant,
871 1581 902 1640 in
923 1578 1030 1649 judicio
1050 1577 1266 1649 dominentur,
1283 1592 1309 1635 iii

354 1657 407 1719 suo
427 1678 518 1748 regno
539 1659 733 1739 principatum
754 1659 922 1721 obtineant.
941 1659 957 1730 J
961 1658 1073 1719 iidaeum
1096 1677 1158 1718 una
1176 1675 1254 1718 nunc
1273 1655 1307 1714 in·

352 1754 490 1800 nocentia
510 1737 707 1801 Christianum
727 1737 858 1809 efficiat3
880 1737 992 1810 Judaeus
1013 1737 1045 1798 in
1067 1756 1128 1798 una
1149 1735 1306 1815 integritrtc

345 1814 536 1878 Christianus
557 1817 615 1877 sit.
643 1816 794 1898 Siquidem
824 1817 880 1878 hoc
909 1816 1058 1898 proprium
1089 1816 1130 1878 est
1160 1812 1304 1876 Christiani

353 1893 496 1971 instituti,
519 1916 578 1956 non
595 1895 690 1957 solum
711 1897 787 1957 nulli
809 1896 944 1966 injuriam
968 1913 999 1959 ut
1020 1894 1193 1970 afferamus,
1215 1893 1258 1954 sed
1272 1909 1305 1954 en

352 1973 432 2049 iani,
452 1974 473 2034 fi
493 1973 649 2055 possimus,
673 1975 709 2037 ab
731 1975 823 2037 altero
846 1976 961 2038 illatam
985 1993 1018 2038 nt
1036 1976 1082 2056 pie
1100 1973 1304 2056 propulsemus.

350 2050 482 2194 Propone
504 2053 576 2129 tibi,
597 2055 731 2136 Princeps
740 2052 913 2137 aequiffime,
928 2055 1128 2119 Christianum
1150 2056 1246 2117 virum
1260 2053 1306 2114 hoc

352 2153 403 2194 mo
423 2154 441 2194 o
462 2133 725 2198 innocentissimum
748 2136 873 2197 accusari
892 2157 952 2196 non
981 2136 1056 2215 apud
1079 2135 1218 2197 Hebraeoc
1238 2131 1306 2206 liidie

353 2231 418 2289 ces,
438 2215 490 2304 qui
512 2216 600 2296 usque
620 2236 656 2276 eo
676 2215 848 2296 jampridem
869 2215 985 2277 adduffl
1002 2215 1086 2290 sunt,
1109 2233 1144 2278 ut
1163 2214 1224 2276 illis
1242 2212 1304 2284 judi·

354 2294 400 2354 cio
421 2295 545 2356 aliorum
567 2298 660 2375 magis
682 2296 839 2376 parendum
861 2297 920 2369 fit,
950 2314 1038 2376 quam
1068 2311 1102 2356 ut
1124 2295 1177 2376 ipii
1196 2294 1231 2356 de
1247 2291 1305 2386 aliis

350 2371 491 2444 judicium
511 2373 581 2435 ferre
602 2374 732 2454 possint3
762 2376 808 2436 sed
828 2374 905 2514 apud
925 2376 1059 2450 Turcac‘,
1080 2396 1116 2437 uc
1137 2378 1167 2436 in
1191 2395 1224 2437 eo
1242 2371 1305 2446 iudi·

350 2451 397 2513 cio
417 2474 434 2513 a
456 2456 551 2516 nostro
570 2453 626 2516 fint
646 2455 771 2529 omnia,
805 2457 855 2516 nii
875 2454 953 2538 quod
975 2454 1157 2517 Christianus
1186 2440 1302 2541 sinnii

350 2531 429 2668 ‹puod
449 2532 599 2594 restissime
620 2534 655 2594 de
675 2537 737 2595 Deo
759 2534 882 2606 sentiat;
903 2551 1003 2597 cetera
1017 2536 1193 2617 ,inquanm
1215 2549 1300 2595 omnir

350 2609 438 2670 iloni
461 2611 638 2687 absolvant,
668 2613 825 2674 Christiani
855 2636 922 2675 cuni
943 2631 1190 2677 nomentantum
1212 2610 1298 2675 conde·
1343 2664 1344 2673 ,

350 2706 452 2760 mnet3
467 2689 638 2752 damnatum
662 2692 802 2772 supplicio
819 2692 941 2754 afficiat.
963 2695 1036 2770 Quis
1053 2693 1158 2757 dolor?
1179 2712 1239 2778 quae
1252 2688 1298 2751 ini·
1341 2715 1345 2753 i

349 2767 467 2906 grutae?
488 2788 553 2850 quae
569 2769 694 2838 injuria?
715 2772 794 2860 quod
811 2772 921 2834 scelus?
943 2775 986 2835 Sit
1004 2775 1066 2849 hic,
1088 2775 1239 2855 Princeps,
1256 2770 1296 2842 ΙΙΙ·-
1337 2792 1345 2835 i

370 2847 612 2935 reus‚sit,siquid
621 2849 700 2929 pejus
710 2850 769 2910 dici
779 2855 887 2928 potest,
903 2855 1132 2935 quamludaeus,
1150 2848 1297 2917 iitexTui
1333 2856 1345 2928 ii

351 2946 411 3000 cis,
425 2928 552 3015 quicum
562 2929 673 3009 Repub.
696 2928 863 2993 Christiana
879 2950 1049 3014 perpetuum
1058 2933 1171 2996 bellum
1189 2936 1296 3015 gerunt,
1331 2952 1345 2994 ti

351 3006 403 3087 qui
425 3006 500 3067 nihil
523 3007 601 3069 aliud
625 3008 757 3085 student,
779 3031 868 3094 quani
886 3032 949 3074 eam
964 3011 1096 3076 funditus
1117 3007 1295 3083 everteretfil,
1330 3032 1345 3074 ti

352 3102 453 3147 tamen
473 3084 544 3148 falso
563 3087 727 3165 accusatus,
749 3090 783 3150 fit
804 3092 959 3168 innocens,
978 3093 1013 3156 sit
1033 3094 1144 3157 nullius
1167 3084 1295 3174 culpatus·-
1327 3095 1345 3157 ii

350 3163 440 3256 finis5
460 3167 532 3256 quid
553 3187 575 3231 ae
598 3169 697 3231 uitatis
719 3170 800 3245 erit,
822 3173 922 3234 Prince
972 3216 981 3247 ,
1008 3173 1040 3234 iii
1065 3173 1152 3243 hujus·
1178 3174 1296 3234 innocen
1326 3189 1345 3249 ,ti

349 3260 559 3334 nemorum
576 3188 687 3310 icelera
710 3248 835 3310 ulcisci?
860 3252 898 3312 ab
943 3273 977 3313 oc
1000 3273 1060 3314 uno
1084 3251 1241 3344 aequissimo
1261 3248 1296 3316 iu*
1330 3255 1343 3312 ii

348 3323 427 3384 dicio
447 3326 590 3397 majorum
613 3348 713 3408 poetias
734 3329 901 3408 reposcere?
929 3331 999 3392 Alia
1021 3334 1099 3406 ratio
1123 3332 1224 3404 indicii
1241 3326 1296 3401 est,
1333 3331 1335 3338 '

348 3401 499 3482 Princeps,
520 3406 579 3466 alia
597 3408 748 3468 vindiuae.
771 3410 916 3485 Tametsi,
938 3412 988 3491 qui
1009 3412 1106 3493 magis
1122 3413 1235 3484 Judaeus
1249 3407 1296 3483 est,

348 3498 438 3560 quain
459 3483 510 3570 iste
527 3525 536 3558 ,
555 3486 608 3566 qni
628 3486 705 3548 hunc
726 3488 868 3551 accusat?
896 3492 947 3572 qui
968 3493 1065 3553 minus
1087 3493 1186 3553 Deum
1209 3488 1295 3561 novit,

347 3577 438 3697 zoam
458 3561 524 3636 isse,
546 3565 599 3640 qui
619 3566 814 3631 innocentiam
835 3570 1014 3649 oppugnat?
1035 3572 1087 3654 qui
1109 3573 1205 3653 magis
1227 3566 1295 3630 ciri·

349 3715 355 3727 .
375 3639 527 3729 umusuum
547 3644 729 3706 contemnit?
749 3647 864 3707 nullum
888 3649 994 3711 haber?
1016 3671 1107 3731 quani
1128 3653 1183 3734 qui
1200 3651 1234 3712 {ic
1249 3647 1295 3717 eiu!
1330 3666 1345 3706 1³

345 3736 505 3806 imaginem
521 3739 572 3799 per
586 3722 730 3786 summum
750 3725 840 3788 scelus
848 3727 982 3790 demoliri
990 3729 1132 3793 conatur?
1154 3747 1189 3793 ut
1204 3728 1294 3798 eriam,
1337 3776 1343 3783 .

348 3794 399 3881 ubi
416 3797 544 3881 probitas
563 3800 675 3867 defendi
692 3805 784 3884 solet,
803 3826 837 3878 eo
851 3807 885 3870 in
898 3808 965 3875 loco
982 3830 1047 3878 eain
1062 3810 1228 3897 opprimere
1243 3825 1295 3869 coi⁴
1333 3806 1345 3838 ‘¹

202 3888 451 4066 ..ap
1210 3907 1266 3955 ten-
