3000 4559
297 544 300 551 Ι
472 472 565 534 ’0.’Κ
583 470 662 534 ’Π
680 467 744 532 ἸὈ
765 473 841 533 ΝΕ
855 473 911 534 '50'
1097 492 1138 541 aa

205 546 296 632 atque
314 566 350 612 ex
361 549 448 613 'Urbe
468 551 654 614 exterminati
677 571 730 614 vos
748 551 804 613 elle
819 552 1077 633 permissuros‚hos
1097 572 1176 632 tuma

206 631 325 715 stitote,
347 631 461 694 nullum
484 631 598 709 casum,
618 630 734 694 nullum
751 631 931 713 periculum,
953 634 1101 698 nullorum
1119 654 1175 702 aut

204 711 327 788 ruinas,
347 727 399 773 aut
421 712 585 793 potentiam
606 710 828 789 declinaturos,
855 713 930 797 quin
951 713 1034 794 Reip
1055 712 1171 777 lortilst·

201 804 285 852 marn
313 811 431 873 operam
458 809 567 856 navent
587 791 649 861 ejus
672 791 762 866 otio,
791 809 878 876 atque
907 793 1115 875 tranquillitati
1136 815 1168 856 oa

201 869 297 950 ptime
323 871 529 944 consulentes;
558 871 700 953 postremo
722 891 793 934 vero
812 917 822 948 ,
843 872 899 934 boc
919 871 1015 935 vestro
1035 873 1174 935 sanctissi-

198 968 253 1010 mo
274 949 382 1020 iudicio
409 953 543 1015 omniurn
574 950 746 1023 judiciorum
777 952 977 1035 integritatem
998 953 1172 1015 restituetis.

200 1028 284 1090 Nam
312 1030 407 1094 [ivos
427 1031 562 1094 fastionis
590 1029 741 1093 Clodiana
761 1032 846 1095 nullo
866 1049 947 1094 metu
969 1032 1115 1114 perterriti
1136 1051 1175 1096 ex

198 1108 301 1172 vestris
322 1112 430 1174 animis
451 1110 624 1174 sententiam
646 1109 741 1173 feretis
759 1157 769 1189 ‚
788 1112 994 1196 Milonemque
1015 1113 1047 1175 in
1063 1133 1099 1176 ea
1115 1111 1175 1174 Ur·

198 1184 263 1264 be,
289 1209 380 1272 quam
410 1213 428 1254 a
448 1190 596 1254 Clodiano
616 1190 771 1254 dominatu
790 1193 955 1269 liberavit,
983 1191 1175 1269 retinebitis,

195 1268 343 1333 continuo
372 1287 475 1334 caetera
496 1270 627 1351 deinceps
660 1270 767 1341 iudicia
787 1272 911 1333 vestram
940 1272 1106 1355 aequitatem
1130 1272 1172 1335 se·

162 1420 164 1428 Ι
197 1365 353 1428 quentur,
383 1351 539 1433 forumque
567 1347 666 1412 caudis
686 1370 815 1413 vacuum
843 1350 981 1412 reddetis.
1003 1350 1120 1413 Malent
1142 1372 1174 1414 e-

162 1474 164 1479 .
194 1426 291 1507 nim,
312 1431 366 1511 qui
386 1428 556 1505 debebunt,
578 1427 768 1491 creditoribus
797 1428 855 1491 suis
876 1429 1017 1490 continuo
1038 1428 1174 1493 dillolve·

194 1526 257 1580 re,
287 1509 371 1570 caedis
391 1529 461 1572 vero
482 1509 522 1571 rei
542 1507 592 1571 sua
613 1508 768 1571 voluntate
795 1508 893 1590 potius
915 1506 1009 1571 solum
1028 1525 1172 1582 mutare,

191 1605 292 1726 quarn
313 1587 364 1650 sua
381 1589 503 1672 gratia,
524 1607 556 1650 ac
576 1588 711 1670 potentia
729 1585 796 1650 freti
815 1587 956 1659 judicium
977 1587 1099 1669 experiri
1121 1607 1172 1651 ve·

162 1714 168 1725 .
212 1682 277 1729 rnt.
1167 1704 1170 1709 ·

162 1746 165 1803 ζ
203 1778 206 1783 ·
236 1746 388 1812 Ηαᾶεηυε
404 1793 415 1826 ,
434 1749 548 1823 Judices
568 1793 579 1825 ,
598 1749 740 1824 arbitror,
769 1747 837 1811 satis
866 1748 1012 1811 Milonem
1041 1747 1079 1810 ab
1100 1747 1173 1822 iis,¹

162 1848 167 1887 ·.
193 1845 262 1909 qua
282 1826 319 1889 ab
338 1829 507 1892 adversariis
528 1828 765 1904 objiciebantur,
794 1825 942 1892 defensum
962 1827 1042 1900 essa3
1072 1846 1169 1911 nequa

192 1907 354 1998 quicquam
382 1907 522 1983 obstare,
549 1910 708 1992 quominus
729 1906 877 1971 absolutus
898 1908 1012 1969 summa
1033 1928 1099 1969 cum
1121 1923 1170 1969 to-.

162 2032 168 2073 ,
194 2002 258 2048 trus
286 1986 427 2051 Civitatis
455 1987 557 2051 laetitia
588 1988 748 2050 domuma
777 1987 862 2050 bonis
889 1987 1025 2049 omnibus
1046 1987 1170 2048 comita·

162 2112 167 2151 ι
188 2079 240 2127 tus
277 2066 365 2149 quast,
386 2067 569 2148 triumphans
590 2083 768 2130 revertatur.
789 2070 879 2129 Nunc
937 2086 990 2128 uca
1010 2067 1166 2146 quadam,

162 2194 167 2205 .
194 2162 263 2227 quae
282 2145 333 2208 etsr
358 2166 419 2209 non
444 2146 558 2228 prorsus
581 2166 647 2208 cum
672 2146 767 2209 caussa
786 2087 941 2217 conjungi
962 2144 1092 2218 sunt,o
1130 2161 1170 2205 τε

162 2224 167 2295 ’,
191 2239 296 2286 tamen
316 2226 443 2306 pretium
465 2226 516 2287 esse
536 2224 633 2300 duxi,
663 2225 684 2285 fi
704 2244 740 2286 ea
758 2223 840 2286 brevi
860 2241 1070 2304 percurrerem.
1137 2241 1169 2281 a-

162 2300 168 2365 ἶ
189 2301 293 2381 jurum
322 2303 512 2378 nostrorum,
540 2303 681 2377 ludices,
705 2323 769 2364 mos
795 2301 851 2364 fuit
866 2309 982 2382 ,quem
998 2320 1051 2361 nos
1076 2300 1170 2362 etiam

162 2372 374 2473 }·servamus,
415 2401 541 2465 uemque
565 2382 670 2522 posteri
695 2396 834 2464 perpetuo
850 2378 1042 2455 retinebunt,
1063 2396 1098 2442 ut
1115 2378 1171 2461 qui

162 2481 232 2531 ,ex
263 2461 342 2524 holle
366 2462 397 2524 vi
428 2463 523 2524 oriam
548 2462 678 2602 aiquam
702 2462 825 2525 domum
849 2459 1014 2542 reportallet
1034 2504 1044 2536 ‚
1064 2460 1092 2521 ei
1112 2478 1171 2541 pto

162 2538 324 2631 {vidioriae
349 2543 462 2604 ratione
486 2543 597 2624 triump
620 2560 653 2603 us
676 2540 894 2604 decerneretur.
924 2539 983 2602 Hic
1006 2539 1105 2622 postea
1131 2540 1168 2602 in

162 2668 171 2731 p
189 2614 304 2683 Urbem
320 2621 446 2684 hostium
465 2622 482 2684 s
497 2623 565 2685 oliia
580 2637 699 2686 ornatus
717 2620 918 2704 gloriosrllirno
933 2620 986 2683 illo
1002 2620 1091 2682 trium
1112 2619 1169 2681 ba·

162 2750 171 2791 3
192 2698 316 2763 licurru
342 2701 471 2784 ingredia
509 2719 582 2779 tur,
602 2722 636 2765 ac
658 2701 736 2764 redla
760 2701 810 2765 via
831 2701 862 2761 iu
880 2700 925 2761 Ca
945 2701 1062 2764 itolium
1100 2718 1169 2762 uce-

162 2830 172 2873 ι
194 2774 299 2842 batur.
327 2781 409 2844 Hinc
434 2782 526 2845 Marii
548 2782 585 2845 de
609 2782 780 2857 Numidis,
801 2797 832 2843 at
854 2799 890 2840 ue
938 2782 1073 2861 ymbrit3
1095 2780 1168 2842 hinc

162 2912 171 2931 ,
192 2856 333 2919 Marcelli
358 2861 393 2922 de
408 2861 513 2924 Siculis
531 2883 540 2935 3
568 2863 637 2925 hinc
660 2862 743 2924 Pauli
765 2800 875 2924 anilii
892 2859 927 2921 de
946 2861 1044 2924 Perseo
1062 2885 1071 2935 3
1094 2863 1166 2923 hinc

162 2938 172 3055 i
189 2935 389 3028 Scipionum,
409 2958 444 3002 ex
469 2941 570 3003 Africa
592 2943 712 3005 alterius
729 2940 871 3014 devicta,
898 2938 1018 3031 alterius
1037 2942 1165 3004 Cartha·

164 3071 172 3113 t
287 3016 350 3079 solo
371 3037 394 3079 ae
416 3035 485 3081 uata
512 3041 561 3081 am
582 3020 699 3083 lissunor
727 3020 894 3101 triumphos
924 3039 1046 3089 matures
1074 3021 1166 3084 nostri

394 3038 469 3159 irim
489 3118 542 3160 nos
558 3041 589 3161 Β.
603 3101 688 3180 Sylla
705 3119 737 3160 ac
752 3100 893 3161 Muraenae
910 3096 946 3158 de
962 3098 1135 3160 Mithridate
1153 3119 1165 3172 ς

244 3037 261 3078 e

162 3036 380 3238 ίὲὶινετες
483 3176 499 3188 ..
659 3179 664 3189 .
756 3177 761 3189 .
807 3179 812 3189 ·
1141 3178 1147 3190 ·

285 3175 342 3238 Cn.
369 3177 501 3258 Pompeii
526 3177 562 3239 de
579 3179 680 3240 multis
700 3177 868 3239 nationibus
885 3177 1000 3239 summa
1015 3196 1083 3238 cum
1099 3176 1163 3239 fen-

162 3230 295 3351 'priisrmi
311 3255 397 3328 hujus
414 3257 531 3336 imperii
545 3274 615 3319 curn
633 3258 773 3346 privata,
796 3270 861 3318 tum
878 3256 970 3317 etiarn
987 3255 1101 3346 publica
1116 3257 1164 3323 loe.

166 3389 172 3429 p
190 3334 415 3425 titraoadtnirati
431 3336 546 3429 sunurus⁴
567 3335 610 3428 Et
623 3334 829 3428 juretqurdem
851 3334 967 3417 optimo
983 3354 1006 3396 ιι
1030 3334 1079 3428 sua
1094 3336 1162 3402 sunt

162 3412 289 3551 pplotra
312 3413 516 3493 cohonestari,
543 3437 597 3499 qur
620 3414 769 3498 publicam
799 3415 926 3497 gloriam
951 3413 1001 3476 sua
1024 3431 1160 3497 virtute,

162 3546 171 3567 ,,
202 3491 251 3555 uis
265 3495 419 3572 confiliis,
440 3496 497 3559 suis
515 3495 661 3559 laboribus
682 3495 824 3557 adauxere
842 3539 852 3570 ‚
873 3493 997 3578 forisque
1015 3497 1159 3561 urbanum
1185 3568 1191 3579 ¹

162 3566 170 3666 ι’
185 3572 313 3650 otium,
344 3595 377 3637 ac
393 3575 641 3659 tranquillitatem
663 3574 884 3638 conservavero.
904 3574 993 3652 Quod
1017 3575 1158 3659 srcuique

162 3703 165 3722 ‚
184 3667 243 3732 pro
265 3653 400 3730 merito,
425 3675 535 3738 proque
559 3656 667 3719 devini
690 3655 778 3717 hostis
794 3655 932 3732 ratione,
953 3676 1007 3737 pro
1022 3655 1159 3737 amplilli·

183 3728 340 3795 alsinse
356 3733 470 3795 collatis
490 3736 656 3799 muneribus
674 3737 733 3799 haec
756 3733 930 3816 Respublica
945 3737 1095 3817 rependere
1113 3735 1158 3796 so-

181 3808 231 3876 let
247 3852 259 3890 ‚
275 3809 353 3895 'quid
367 3831 448 3896 aque
463 3813 589 3879 Milonis
603 3816 708 3882 virtuti
715 3812 919 3957 Brependetur?
941 3834 1005 3900 qua
1020 3835 1073 3896 par
1086 3831 1160 3898 gra·-

780 3913 797 3976 3
1071 3906 1113 3952 tra

1163 3944 1285 4068 Γ
