<?xml version="1.0" encoding="UTF-8"?>
<!DOCTYPE html PUBLIC "-//W3C//DTD XHTML 1.0 Transitional//EN"
    "http://www.w3.org/TR/xhtml1/DTD/xhtml1-transitional.dtd">
<html xmlns="http://www.w3.org/1999/xhtml" xml:lang="en" lang="en">
 <head>
  <title>
</title>
<meta http-equiv="Content-Type" content="text/html;charset=utf-8" />
  <meta name='ocr-system' content='tesseract 3.04.00' />
  <meta name='ocr-capabilities' content='ocr_page ocr_carea ocr_par ocr_line ocrx_word'/>
</head>
<body>
  <div class='ocr_page' id='page_1' title='image "./operumtomusprim00riccgoog_0164.png"; bbox 0 0 3000 4559; ppageno 0'>
   <div class='ocr_carea' id='block_1_1' title="bbox 204 465 1270 3964">
    <p class='ocr_par' dir='ltr' id='par_1_1' title="bbox 204 465 1270 3964">
     <span class='ocr_line' id='line_1_1' title="bbox 321 465 988 534; baseline -0.007 -1"><span class='ocrx_word' id='word_1_1' title='bbox 321 468 382 534; x_wconf 77' lang='lat' dir='ltr'>toll</span> <span class='ocrx_word' id='word_1_2' title='bbox 540 468 792 530; x_wconf 78' lang='lat' dir='ltr'><em>BARTHOL.</em></span> <span class='ocrx_word' id='word_1_3' title='bbox 821 465 988 530; x_wconf 85' lang='lat' dir='ltr'>RlCCll</span> 
     </span>
     <span class='ocr_line' id='line_1_2' title="bbox 280 536 1234 632; baseline -0.004 -19"><span class='ocrx_word' id='word_1_4' title='bbox 280 551 379 613; x_wconf 89' lang='lat' dir='ltr'>secum</span> <span class='ocrx_word' id='word_1_5' title='bbox 395 547 522 632; x_wconf 85' lang='lat' dir='ltr'>agit,·id</span> <span class='ocrx_word' id='word_1_6' title='bbox 546 548 619 609; x_wconf 67' lang='lat' dir='ltr'>reste</span> <span class='ocrx_word' id='word_1_7' title='bbox 636 564 669 609; x_wconf 91' lang='lat' dir='ltr'>ut</span> <span class='ocrx_word' id='word_1_8' title='bbox 693 560 779 628; x_wconf 83' lang='lat' dir='ltr'>agat,</span> <span class='ocrx_word' id='word_1_9' title='bbox 801 547 913 610; x_wconf 55' lang='lat' dir='ltr'>efficit,</span> <span class='ocrx_word' id='word_1_10' title='bbox 934 548 989 612; x_wconf 87' lang='lat' dir='ltr'>Sed</span> <span class='ocrx_word' id='word_1_11' title='bbox 1013 561 1078 610; x_wconf 88' lang='lat' dir='ltr'>cum</span> <span class='ocrx_word' id='word_1_12' title='bbox 1107 536 1234 621; x_wconf 76' lang='lat' dir='ltr'>omnibut</span> 
     </span>
     <span class='ocr_line' id='line_1_3' title="bbox 280 626 1233 712; baseline -0.004 -19"><span class='ocrx_word' id='word_1_13' title='bbox 280 631 413 712; x_wconf 75' lang='lat' dir='ltr'>&#39;negotiis</span> <span class='ocrx_word' id='word_1_14' title='bbox 435 649 469 690; x_wconf 90' lang='lat' dir='ltr'>ea</span> <span class='ocrx_word' id='word_1_15' title='bbox 483 630 610 688; x_wconf 88' lang='lat' dir='ltr'>maxime</span> <span class='ocrx_word' id='word_1_16' title='bbox 625 628 799 703; x_wconf 86' lang='lat' dir='ltr'>conveniat,</span> <span class='ocrx_word' id='word_1_17' title='bbox 813 629 844 689; x_wconf 91' lang='lat' dir='ltr'>in</span> <span class='ocrx_word' id='word_1_18' title='bbox 861 630 964 708; x_wconf 88' lang='lat' dir='ltr'>primis</span> <span class='ocrx_word' id='word_1_19' title='bbox 979 628 1032 704; x_wconf 86' lang='lat' dir='ltr'>iis,</span> <span class='ocrx_word' id='word_1_20' title='bbox 1052 627 1104 708; x_wconf 90' lang='lat' dir='ltr'>qui</span> <span class='ocrx_word' id='word_1_21' title='bbox 1122 626 1233 707; x_wconf 84' lang='lat' dir='ltr'>Reipub.</span> 
     </span>
     <span class='ocr_line' id='line_1_4' title="bbox 288 705 1234 792; baseline -0.003 -22"><span class='ocrx_word' id='word_1_22' title='bbox 288 711 438 792; x_wconf 73' lang='lat' dir='ltr'>praesunt,</span> <span class='ocrx_word' id='word_1_23' title='bbox 462 708 567 769; x_wconf 89' lang='lat' dir='ltr'>merito</span> <span class='ocrx_word' id='word_1_24' title='bbox 582 706 702 769; x_wconf 77' lang='lat' dir='ltr'>attribui</span> <span class='ocrx_word' id='word_1_25' title='bbox 718 707 790 769; x_wconf 88' lang='lat' dir='ltr'>solet</span> <span class='ocrx_word' id='word_1_26' title='bbox 806 751 816 781; x_wconf 93' lang='lat'>,</span> <span class='ocrx_word' id='word_1_27' title='bbox 839 728 875 769; x_wconf 90' lang='lat' dir='ltr'>ne</span> <span class='ocrx_word' id='word_1_28' title='bbox 891 707 948 769; x_wconf 87' lang='lat' dir='ltr'>five</span> <span class='ocrx_word' id='word_1_29' title='bbox 971 709 1003 769; x_wconf 89' lang='lat' dir='ltr'>in</span> <span class='ocrx_word' id='word_1_30' title='bbox 1031 705 1234 784; x_wconf 86' lang='lat' dir='ltr'>deliberando,</span> 
     </span>
     <span class='ocr_line' id='line_1_5' title="bbox 288 786 1235 868; baseline -0.003 -17"><span class='ocrx_word' id='word_1_31' title='bbox 288 792 346 852; x_wconf 90' lang='lat' dir='ltr'>sive</span> <span class='ocrx_word' id='word_1_32' title='bbox 375 791 405 849; x_wconf 91' lang='lat' dir='ltr'>in</span> <span class='ocrx_word' id='word_1_33' title='bbox 422 788 559 868; x_wconf 87' lang='lat' dir='ltr'>agendo,</span> <span class='ocrx_word' id='word_1_34' title='bbox 589 788 636 848; x_wconf 88' lang='lat' dir='ltr'>cui</span> <span class='ocrx_word' id='word_1_35' title='bbox 661 787 773 866; x_wconf 92' lang='lat' dir='ltr'>optime</span> <span class='ocrx_word' id='word_1_36' title='bbox 797 786 941 848; x_wconf 90' lang='lat' dir='ltr'>consulere</span> <span class='ocrx_word' id='word_1_37' title='bbox 962 786 1093 860; x_wconf 90' lang='lat' dir='ltr'>debent,</span> <span class='ocrx_word' id='word_1_38' title='bbox 1118 786 1145 846; x_wconf 92' lang='lat' dir='ltr'>ei</span> <span class='ocrx_word' id='word_1_39' title='bbox 1162 786 1235 868; x_wconf 86' lang='lat' dir='ltr'>quid·</span> 
     </span>
     <span class='ocr_line' id='line_1_6' title="bbox 284 863 1233 951; baseline -0.002 -21"><span class='ocrx_word' id='word_1_40' title='bbox 284 868 484 951; x_wconf 87' lang='lat' dir='ltr'>quamobstnt</span> <span class='ocrx_word' id='word_1_41' title='bbox 504 868 717 947; x_wconf 85' lang='lat' dir='ltr'><strong>imprudenter.</strong></span> <span class='ocrx_word' id='word_1_42' title='bbox 738 867 810 927; x_wconf 82' lang='lat' dir='ltr'>Haec</span> <span class='ocrx_word' id='word_1_43' title='bbox 834 882 932 929; x_wconf 88' lang='lat' dir='ltr'>autem</span> <span class='ocrx_word' id='word_1_44' title='bbox 956 867 986 928; x_wconf 87' lang='lat' dir='ltr'>in</span> <span class='ocrx_word' id='word_1_45' title='bbox 1011 863 1165 929; x_wconf 74' lang='lat' dir='ltr'>francisco</span> <span class='ocrx_word' id='word_1_46' title='bbox 1187 867 1233 928; x_wconf 75' lang='lat' dir='ltr'>Re·</span> 
     </span>
     <span class='ocr_line' id='line_1_7' title="bbox 286 944 1233 1031; baseline -0.002 -21"><span class='ocrx_word' id='word_1_47' title='bbox 286 971 323 1031; x_wconf 80' lang='lat' dir='ltr'>ge</span> <span class='ocrx_word' id='word_1_48' title='bbox 350 964 461 1026; x_wconf 88' lang='lat' dir='ltr'>quanta</span> <span class='ocrx_word' id='word_1_49' title='bbox 489 944 600 1020; x_wconf 89' lang='lat' dir='ltr'>suerit,</span> <span class='ocrx_word' id='word_1_50' title='bbox 631 946 660 1006; x_wconf 94' lang='lat' dir='ltr'>id</span> <span class='ocrx_word' id='word_1_51' title='bbox 685 947 812 1006; x_wconf 86' lang='lat' dir='ltr'>maxime</span> <span class='ocrx_word' id='word_1_52' title='bbox 838 946 979 1022; x_wconf 84' lang='lat' dir='ltr'>testatur,</span> <span class='ocrx_word' id='word_1_53' title='bbox 1009 947 1061 1031; x_wconf 85' lang='lat' dir='ltr'>qui</span> <span class='ocrx_word' id='word_1_54' title='bbox 1086 964 1155 1006; x_wconf 87' lang='lat' dir='ltr'>cum</span> <span class='ocrx_word' id='word_1_55' title='bbox 1178 965 1233 1026; x_wconf 84' lang='lat' dir='ltr'>pro·</span> 
     </span>
     <span class='ocr_line' id='line_1_8' title="bbox 280 1020 1232 1110; baseline -0.002 -22"><span class='ocrx_word' id='word_1_56' title='bbox 280 1049 317 1110; x_wconf 90' lang='lat' dir='ltr'>pe</span> <span class='ocrx_word' id='word_1_57' title='bbox 336 1026 467 1098; x_wconf 74' lang='lat' dir='ltr'>assiduis,</span> <span class='ocrx_word' id='word_1_58' title='bbox 490 1045 523 1086; x_wconf 90' lang='lat' dir='ltr'>ac</span> <span class='ocrx_word' id='word_1_59' title='bbox 544 1020 727 1087; x_wconf 80' lang='lat' dir='ltr'>difficillimis</span> <span class='ocrx_word' id='word_1_60' title='bbox 747 1024 831 1086; x_wconf 88' lang='lat' dir='ltr'>bellis</span> <span class='ocrx_word' id='word_1_61' title='bbox 852 1024 1047 1104; x_wconf 88' lang='lat' dir='ltr'>insellaretur,</span> <span class='ocrx_word' id='word_1_62' title='bbox 1067 1023 1175 1087; x_wconf 89' lang='lat' dir='ltr'>multis</span> <span class='ocrx_word' id='word_1_63' title='bbox 1188 1044 1232 1101; x_wconf 87' lang='lat' dir='ltr'>ue,</span> 
     </span>
     <span class='ocr_line' id='line_1_9' title="bbox 282 1104 1233 1187; baseline -0.001 -20"><span class='ocrx_word' id='word_1_64' title='bbox 282 1129 316 1167; x_wconf 82' lang='lat' dir='ltr'>ac</span> <span class='ocrx_word' id='word_1_65' title='bbox 341 1106 478 1166; x_wconf 82' lang='lat' dir='ltr'>maximis</span> <span class='ocrx_word' id='word_1_66' title='bbox 506 1106 632 1187; x_wconf 89' lang='lat' dir='ltr'>undique</span> <span class='ocrx_word' id='word_1_67' title='bbox 657 1104 789 1166; x_wconf 86' lang='lat' dir='ltr'>hostibus</span> <span class='ocrx_word' id='word_1_68' title='bbox 818 1106 919 1167; x_wconf 90' lang='lat' dir='ltr'>eodem</span> <span class='ocrx_word' id='word_1_69' title='bbox 945 1123 1078 1187; x_wconf 88' lang='lat' dir='ltr'>tempore</span> <span class='ocrx_word' id='word_1_70' title='bbox 1094 1104 1164 1166; x_wconf 72' lang='lat' dir='ltr'>arn·</span> <span class='ocrx_word' id='word_1_71' title='bbox 1186 1124 1233 1166; x_wconf 80' lang='lat' dir='ltr'>ime</span> 
     </span>
     <span class='ocr_line' id='line_1_10' title="bbox 280 1182 1233 1276; baseline 0.003 -31"><span class='ocrx_word' id='word_1_72' title='bbox 280 1202 475 1266; x_wconf 86' lang='lat' dir='ltr'>premeretur,</span> <span class='ocrx_word' id='word_1_73' title='bbox 497 1187 539 1247; x_wconf 85' lang='lat' dir='ltr'>ita</span> <span class='ocrx_word' id='word_1_74' title='bbox 556 1203 654 1246; x_wconf 86' lang='lat' dir='ltr'>tamen</span> <span class='ocrx_word' id='word_1_75' title='bbox 671 1183 754 1246; x_wconf 85' lang='lat' dir='ltr'>rebus</span> <span class='ocrx_word' id='word_1_76' title='bbox 770 1182 826 1245; x_wconf 90' lang='lat' dir='ltr'>suis</span> <span class='ocrx_word' id='word_1_77' title='bbox 851 1186 961 1266; x_wconf 84' lang='lat' dir='ltr'>semper</span> <span class='ocrx_word' id='word_1_78' title='bbox 977 1186 1125 1267; x_wconf 90' lang='lat' dir='ltr'>providit,</span> <span class='ocrx_word' id='word_1_79' title='bbox 1147 1185 1233 1276; x_wconf 77' lang='lat' dir='ltr'>itaque</span> 
     </span>
     <span class='ocr_line' id='line_1_11' title="bbox 304 1264 1232 1348; baseline 0.001 -22"><span class='ocrx_word' id='word_1_80' title='bbox 304 1266 448 1346; x_wconf 88' lang='lat' dir='ltr'>rospexit,</span> <span class='ocrx_word' id='word_1_81' title='bbox 470 1283 504 1327; x_wconf 92' lang='lat' dir='ltr'>ut</span> <span class='ocrx_word' id='word_1_82' title='bbox 527 1286 587 1327; x_wconf 92' lang='lat' dir='ltr'>non</span> <span class='ocrx_word' id='word_1_83' title='bbox 611 1265 703 1326; x_wconf 89' lang='lat' dir='ltr'>solum</span> <span class='ocrx_word' id='word_1_84' title='bbox 727 1265 889 1348; x_wconf 88' lang='lat' dir='ltr'>quidquam</span> <span class='ocrx_word' id='word_1_85' title='bbox 915 1286 950 1326; x_wconf 86' lang='lat' dir='ltr'>ex</span> <span class='ocrx_word' id='word_1_86' title='bbox 965 1268 1006 1327; x_wconf 87' lang='lat' dir='ltr'>eis</span> <span class='ocrx_word' id='word_1_87' title='bbox 1026 1287 1088 1329; x_wconf 91' lang='lat' dir='ltr'>non</span> <span class='ocrx_word' id='word_1_88' title='bbox 1103 1264 1232 1341; x_wconf 74' lang='lat' dir='ltr'>amiserit,</span> 
     </span>
     <span class='ocr_line' id='line_1_12' title="bbox 276 1285 1233 1425; baseline -0.001 -19"><span class='ocrx_word' id='word_1_89' title='bbox 276 1285 326 1409; x_wconf 60' lang='lat' dir='ltr'>lid</span> <span class='ocrx_word' id='word_1_90' title='bbox 341 1343 468 1418; x_wconf 86' lang='lat' dir='ltr'>multas,</span> <span class='ocrx_word' id='word_1_91' title='bbox 488 1366 522 1407; x_wconf 85' lang='lat' dir='ltr'>ac</span> <span class='ocrx_word' id='word_1_92' title='bbox 538 1343 725 1407; x_wconf 84' lang='lat' dir='ltr'>nobilislimas</span> <span class='ocrx_word' id='word_1_93' title='bbox 743 1344 831 1406; x_wconf 81' lang='lat' dir='ltr'>Urbes</span> <span class='ocrx_word' id='word_1_94' title='bbox 847 1344 975 1425; x_wconf 89' lang='lat' dir='ltr'>Imperio</span> <span class='ocrx_word' id='word_1_95' title='bbox 999 1346 1050 1409; x_wconf 93' lang='lat' dir='ltr'>suo</span> <span class='ocrx_word' id='word_1_96' title='bbox 1066 1344 1233 1420; x_wconf 86' lang='lat' dir='ltr'>adiunxerit,</span> 
     </span>
     <span class='ocr_line' id='line_1_13' title="bbox 278 1424 1232 1564; baseline -0.001 -77"><span class='ocrx_word' id='word_1_97' title='bbox 278 1445 352 1508; x_wconf 87' lang='lat' dir='ltr'>quas</span> <span class='ocrx_word' id='word_1_98' title='bbox 368 1426 458 1489; x_wconf 81' lang='lat' dir='ltr'>etiarn</span> <span class='ocrx_word' id='word_1_99' title='bbox 475 1425 601 1487; x_wconf 89' lang='lat' dir='ltr'>moriens</span> <span class='ocrx_word' id='word_1_100' title='bbox 617 1425 694 1486; x_wconf 79' lang='lat' dir='ltr'>Pilio</span> <span class='ocrx_word' id='word_1_101' title='bbox 710 1425 830 1564; x_wconf 64' lang='lat' dir='ltr'>reliquit</span> <span class='ocrx_word' id='word_1_102' title='bbox 845 1425 888 1486; x_wconf 90' lang='lat' dir='ltr'>sui</span> <span class='ocrx_word' id='word_1_103' title='bbox 903 1445 1000 1488; x_wconf 86' lang='lat' dir='ltr'>amore</span> <span class='ocrx_word' id='word_1_104' title='bbox 1016 1446 1106 1507; x_wconf 86' lang='lat' dir='ltr'>quam</span> <span class='ocrx_word' id='word_1_105' title='bbox 1116 1424 1232 1486; x_wconf 84' lang='lat' dir='ltr'>maxine</span> 
     </span>
     <span class='ocr_line' id='line_1_14' title="bbox 204 1504 1230 1586; baseline -0.001 -19"><span class='ocrx_word' id='word_1_106' title='bbox 204 1540 209 1549; x_wconf 75' lang='lat'>=</span> <span class='ocrx_word' id='word_1_107' title='bbox 278 1505 427 1580; x_wconf 82' lang='lat' dir='ltr'>munitas,</span> <span class='ocrx_word' id='word_1_108' title='bbox 444 1522 477 1566; x_wconf 94' lang='lat' dir='ltr'>ut</span> <span class='ocrx_word' id='word_1_109' title='bbox 495 1505 514 1565; x_wconf 88' lang='lat' dir='ltr'>si</span> <span class='ocrx_word' id='word_1_110' title='bbox 533 1525 576 1566; x_wconf 86' lang='lat' dir='ltr'>res</span> <span class='ocrx_word' id='word_1_111' title='bbox 593 1521 644 1566; x_wconf 88' lang='lat' dir='ltr'>aut</span> <span class='ocrx_word' id='word_1_112' title='bbox 669 1525 687 1564; x_wconf 88' lang='lat' dir='ltr'>a</span> <span class='ocrx_word' id='word_1_113' title='bbox 710 1504 924 1578; x_wconf 87' lang='lat' dir='ltr'>contlio,aut</span> <span class='ocrx_word' id='word_1_114' title='bbox 949 1505 985 1566; x_wconf 85' lang='lat' dir='ltr'>ab</span> <span class='ocrx_word' id='word_1_115' title='bbox 1007 1523 1116 1568; x_wconf 87' lang='lat' dir='ltr'>eventu</span> <span class='ocrx_word' id='word_1_116' title='bbox 1138 1504 1230 1586; x_wconf 85' lang='lat' dir='ltr'>,quod</span> 
     </span>
     <span class='ocr_line' id='line_1_15' title="bbox 276 1583 1230 1668; baseline -0.001 -23"><span class='ocrx_word' id='word_1_117' title='bbox 276 1584 449 1667; x_wconf 87' lang='lat' dir='ltr'>plerumque</span> <span class='ocrx_word' id='word_1_118' title='bbox 465 1584 527 1646; x_wconf 81' lang='lat' dir='ltr'>fieri</span> <span class='ocrx_word' id='word_1_119' title='bbox 551 1584 641 1659; x_wconf 89' lang='lat' dir='ltr'>solet,</span> <span class='ocrx_word' id='word_1_120' title='bbox 662 1584 824 1664; x_wconf 72' lang='lat' dir='ltr'>spedletur‚</span> <span class='ocrx_word' id='word_1_121' title='bbox 844 1584 892 1646; x_wconf 91' lang='lat' dir='ltr'>hic</span> <span class='ocrx_word' id='word_1_122' title='bbox 914 1601 1037 1668; x_wconf 90' lang='lat' dir='ltr'>utroque</span> <span class='ocrx_word' id='word_1_123' title='bbox 1061 1583 1230 1666; x_wconf 78' lang='lat' dir='ltr'>prudentissi·</span> 
     </span>
     <span class='ocr_line' id='line_1_16' title="bbox 277 1662 1230 1748; baseline -0.001 -23"><span class='ocrx_word' id='word_1_124' title='bbox 277 1684 344 1725; x_wconf 88' lang='lat' dir='ltr'>mus</span> <span class='ocrx_word' id='word_1_125' title='bbox 360 1665 480 1726; x_wconf 79' lang='lat' dir='ltr'>extitisse</span> <span class='ocrx_word' id='word_1_126' title='bbox 497 1665 647 1738; x_wconf 87' lang='lat' dir='ltr'>videatur,</span> <span class='ocrx_word' id='word_1_127' title='bbox 668 1666 719 1745; x_wconf 89' lang='lat' dir='ltr'>qui</span> <span class='ocrx_word' id='word_1_128' title='bbox 744 1662 776 1724; x_wconf 74' lang='grc' dir='ltr'><strong>ἃ</strong></span> <span class='ocrx_word' id='word_1_129' title='bbox 800 1665 915 1744; x_wconf 89' lang='lat' dir='ltr'>optimo</span> <span class='ocrx_word' id='word_1_130' title='bbox 939 1665 1057 1727; x_wconf 86' lang='lat' dir='ltr'>consilio</span> <span class='ocrx_word' id='word_1_131' title='bbox 1082 1666 1113 1728; x_wconf 91' lang='lat' dir='ltr'>in</span> <span class='ocrx_word' id='word_1_132' title='bbox 1139 1662 1230 1748; x_wconf 82' lang='lat' dir='ltr'>delibe-</span> 
     </span>
     <span class='ocr_line' id='line_1_17' title="bbox 275 1742 1228 1826; baseline 0 -21"><span class='ocrx_word' id='word_1_133' title='bbox 275 1745 367 1805; x_wconf 90' lang='lat' dir='ltr'>rando</span> <span class='ocrx_word' id='word_1_134' title='bbox 389 1745 472 1818; x_wconf 84' lang='lat' dir='ltr'>usus,</span> <span class='ocrx_word' id='word_1_135' title='bbox 493 1743 627 1805; x_wconf 85' lang='lat' dir='ltr'>&amp;facile</span> <span class='ocrx_word' id='word_1_136' title='bbox 650 1758 791 1805; x_wconf 89' lang='lat' dir='ltr'>eventum</span> <span class='ocrx_word' id='word_1_137' title='bbox 808 1744 839 1804; x_wconf 89' lang='lat' dir='ltr'>iu</span> <span class='ocrx_word' id='word_1_138' title='bbox 863 1744 983 1826; x_wconf 40' lang='lat' dir='ltr'>agendo,</span> <span class='ocrx_word' id='word_1_139' title='bbox 992 1745 1162 1806; x_wconf 86' lang='lat' dir='ltr'>consecutus</span> <span class='ocrx_word' id='word_1_140' title='bbox 1181 1742 1228 1818; x_wconf 82' lang='lat' dir='ltr'>st,</span> 
     </span>
     <span class='ocr_line' id='line_1_18' title="bbox 277 1821 1227 1904; baseline 0 -21"><span class='ocrx_word' id='word_1_141' title='bbox 277 1843 345 1884; x_wconf 92' lang='lat' dir='ltr'>cum</span> <span class='ocrx_word' id='word_1_142' title='bbox 368 1824 459 1883; x_wconf 88' lang='lat' dir='ltr'>etiam</span> <span class='ocrx_word' id='word_1_143' title='bbox 484 1843 535 1903; x_wconf 90' lang='lat' dir='ltr'>pet</span> <span class='ocrx_word' id='word_1_144' title='bbox 559 1821 727 1904; x_wconf 83' lang='lat' dir='ltr'>gravissima</span> <span class='ocrx_word' id='word_1_145' title='bbox 751 1838 884 1902; x_wconf 85' lang='lat' dir='ltr'>tempora</span> <span class='ocrx_word' id='word_1_146' title='bbox 907 1845 967 1885; x_wconf 92' lang='lat' dir='ltr'>non</span> <span class='ocrx_word' id='word_1_147' title='bbox 992 1825 1087 1886; x_wconf 91' lang='lat' dir='ltr'>solum</span> <span class='ocrx_word' id='word_1_148' title='bbox 1112 1843 1155 1885; x_wconf 85' lang='lat' dir='ltr'>ees</span> <span class='ocrx_word' id='word_1_149' title='bbox 1178 1823 1227 1883; x_wconf 79' lang='lat' dir='ltr'>suat</span> 
     </span>
     <span class='ocr_line' id='line_1_19' title="bbox 276 1901 1227 1986; baseline 0.001 -25"><span class='ocrx_word' id='word_1_150' title='bbox 276 1904 390 1982; x_wconf 78' lang='lat' dir='ltr'>optime</span> <span class='ocrx_word' id='word_1_151' title='bbox 412 1902 541 1976; x_wconf 85' lang='lat' dir='ltr'>texerit,</span> <span class='ocrx_word' id='word_1_152' title='bbox 574 1901 620 1962; x_wconf 88' lang='lat' dir='ltr'>sed</span> <span class='ocrx_word' id='word_1_153' title='bbox 642 1903 732 1963; x_wconf 91' lang='lat' dir='ltr'>etiam</span> <span class='ocrx_word' id='word_1_154' title='bbox 753 1902 900 1981; x_wconf 84' lang='lat' dir='ltr'>splendide</span> <span class='ocrx_word' id='word_1_155' title='bbox 920 1904 1132 1986; x_wconf 82' lang='lat' dir='ltr'>amplificarit.</span> <span class='ocrx_word' id='word_1_156' title='bbox 1162 1902 1227 1975; x_wconf 82' lang='lat' dir='ltr'>Judi·</span> 
     </span>
     <span class='ocr_line' id='line_1_20' title="bbox 276 1981 1226 2066; baseline -0.001 -24"><span class='ocrx_word' id='word_1_157' title='bbox 276 1983 356 2043; x_wconf 90' lang='lat' dir='ltr'>cium</span> <span class='ocrx_word' id='word_1_158' title='bbox 377 1981 540 2063; x_wconf 71' lang='lat' dir='ltr'>prudentiae</span> <span class='ocrx_word' id='word_1_159' title='bbox 556 1981 591 2042; x_wconf 89' lang='lat' dir='ltr'>fic</span> <span class='ocrx_word' id='word_1_160' title='bbox 613 1981 743 2050; x_wconf 74' lang='lat' dir='ltr'>iundlum</span> <span class='ocrx_word' id='word_1_161' title='bbox 762 1982 818 2059; x_wconf 83' lang='lat' dir='ltr'>elle</span> <span class='ocrx_word' id='word_1_162' title='bbox 837 1982 969 2058; x_wconf 85' lang='lat' dir='ltr'>videtur,</span> <span class='ocrx_word' id='word_1_163' title='bbox 991 2000 1023 2046; x_wconf 90' lang='lat' dir='ltr'>ut</span> <span class='ocrx_word' id='word_1_164' title='bbox 1043 1985 1113 2066; x_wconf 82' lang='lat' dir='ltr'>igni</span> <span class='ocrx_word' id='word_1_165' title='bbox 1125 1984 1226 2045; x_wconf 83' lang='lat' dir='ltr'>lumen.</span> 
     </span>
     <span class='ocr_line' id='line_1_21' title="bbox 276 2060 1226 2144; baseline 0.001 -19"><span class='ocrx_word' id='word_1_166' title='bbox 276 2063 359 2125; x_wconf 88' lang='lat' dir='ltr'>Nam</span> <span class='ocrx_word' id='word_1_167' title='bbox 377 2060 628 2143; x_wconf 82' lang='lat' dir='ltr'>quemadmodum</span> <span class='ocrx_word' id='word_1_168' title='bbox 646 2082 680 2121; x_wconf 89' lang='lat' dir='ltr'>ex</span> <span class='ocrx_word' id='word_1_169' title='bbox 701 2062 770 2142; x_wconf 85' lang='lat' dir='ltr'>igne</span> <span class='ocrx_word' id='word_1_170' title='bbox 786 2061 885 2122; x_wconf 89' lang='lat' dir='ltr'>lumen</span> <span class='ocrx_word' id='word_1_171' title='bbox 902 2063 1045 2138; x_wconf 85' lang='lat' dir='ltr'>exoritur,</span> <span class='ocrx_word' id='word_1_172' title='bbox 1069 2063 1106 2126; x_wconf 86' lang='lat' dir='ltr'>fic</span> <span class='ocrx_word' id='word_1_173' title='bbox 1121 2082 1157 2125; x_wconf 83' lang='lat' dir='ltr'>ex</span> <span class='ocrx_word' id='word_1_174' title='bbox 1173 2081 1226 2144; x_wconf 80' lang='lat' dir='ltr'>pm·</span> 
     </span>
     <span class='ocr_line' id='line_1_22' title="bbox 275 2140 1227 2225; baseline -0.002 -21"><span class='ocrx_word' id='word_1_175' title='bbox 275 2141 377 2205; x_wconf 85' lang='lat' dir='ltr'>dentia</span> <span class='ocrx_word' id='word_1_176' title='bbox 400 2140 526 2203; x_wconf 86' lang='lat' dir='ltr'>nascitur</span> <span class='ocrx_word' id='word_1_177' title='bbox 546 2140 685 2211; x_wconf 87' lang='lat' dir='ltr'>iudicium</span> <span class='ocrx_word' id='word_1_178' title='bbox 710 2140 830 2202; x_wconf 75' lang='lat' dir='ltr'>..Resle</span> <span class='ocrx_word' id='word_1_179' title='bbox 852 2142 944 2223; x_wconf 87' lang='lat' dir='ltr'>igitur</span> <span class='ocrx_word' id='word_1_180' title='bbox 972 2143 1034 2222; x_wconf 88' lang='lat' dir='ltr'>post</span> <span class='ocrx_word' id='word_1_181' title='bbox 1054 2143 1227 2225; x_wconf 80' lang='lat' dir='ltr'>prudentiam</span> 
     </span>
     <span class='ocr_line' id='line_1_23' title="bbox 275 2220 1226 2304; baseline 0.001 -20"><span class='ocrx_word' id='word_1_182' title='bbox 275 2222 311 2285; x_wconf 89' lang='lat' dir='ltr'>de</span> <span class='ocrx_word' id='word_1_183' title='bbox 332 2222 416 2294; x_wconf 86' lang='lat' dir='ltr'>huius</span> <span class='ocrx_word' id='word_1_184' title='bbox 434 2220 543 2291; x_wconf 86' lang='lat' dir='ltr'>judicio</span> <span class='ocrx_word' id='word_1_185' title='bbox 563 2241 615 2304; x_wconf 85' lang='lat' dir='ltr'>par</span> <span class='ocrx_word' id='word_1_186' title='bbox 635 2220 674 2282; x_wconf 89' lang='lat' dir='ltr'>est</span> <span class='ocrx_word' id='word_1_187' title='bbox 694 2234 728 2282; x_wconf 92' lang='lat' dir='ltr'>ut</span> <span class='ocrx_word' id='word_1_188' title='bbox 749 2237 869 2301; x_wconf 78' lang='lat' dir='ltr'>agatur.</span> <span class='ocrx_word' id='word_1_189' title='bbox 890 2224 1042 2296; x_wconf 89' lang='lat' dir='ltr'>Quantum</span> <span class='ocrx_word' id='word_1_190' title='bbox 1064 2241 1164 2285; x_wconf 88' lang='lat' dir='ltr'>autem</span> <span class='ocrx_word' id='word_1_191' title='bbox 1182 2222 1226 2285; x_wconf 80' lang='lat' dir='ltr'>boe</span> 
     </span>
     <span class='ocr_line' id='line_1_24' title="bbox 274 2300 1226 2378; baseline 0.001 -15"><span class='ocrx_word' id='word_1_192' title='bbox 274 2322 335 2364; x_wconf 91' lang='lat' dir='ltr'>uno</span> <span class='ocrx_word' id='word_1_193' title='bbox 352 2303 458 2364; x_wconf 86' lang='lat' dir='ltr'>divino</span> <span class='ocrx_word' id='word_1_194' title='bbox 479 2303 556 2362; x_wconf 91' lang='lat' dir='ltr'>bono</span> <span class='ocrx_word' id='word_1_195' title='bbox 578 2303 641 2363; x_wconf 84' lang='lat' dir='ltr'>Rex</span> <span class='ocrx_word' id='word_1_196' title='bbox 663 2300 908 2372; x_wconf 79' lang='lat' dir='ltr'>nollenvaluetit,</span> <span class='ocrx_word' id='word_1_197' title='bbox 928 2301 1047 2364; x_wconf 80' lang='lat' dir='ltr'>veluno</span> <span class='ocrx_word' id='word_1_198' title='bbox 1068 2304 1140 2378; x_wconf 91' lang='lat' dir='ltr'>illo,</span> <span class='ocrx_word' id='word_1_199' title='bbox 1179 2300 1226 2364; x_wconf 83' lang='lat' dir='ltr'>uod</span> 
     </span>
     <span class='ocr_line' id='line_1_25' title="bbox 273 2380 1226 2460; baseline 0.005 -19"><span class='ocrx_word' id='word_1_200' title='bbox 273 2384 407 2443; x_wconf 91' lang='lat' dir='ltr'>omnium</span> <span class='ocrx_word' id='word_1_201' title='bbox 430 2381 537 2450; x_wconf 91' lang='lat' dir='ltr'>iudicio</span> <span class='ocrx_word' id='word_1_202' title='bbox 558 2383 670 2460; x_wconf 89' lang='lat' dir='ltr'>optime</span> <span class='ocrx_word' id='word_1_203' title='bbox 691 2380 913 2460; x_wconf 87' lang='lat' dir='ltr'>comprobatum</span> <span class='ocrx_word' id='word_1_204' title='bbox 933 2381 989 2458; x_wconf 89' lang='lat' dir='ltr'>est,</span> <span class='ocrx_word' id='word_1_205' title='bbox 1010 2381 1100 2444; x_wconf 81' lang='lat' dir='ltr'>facile</span> <span class='ocrx_word' id='word_1_206' title='bbox 1117 2384 1167 2445; x_wconf 90' lang='lat' dir='ltr'>dec</span> <span class='ocrx_word' id='word_1_207' title='bbox 1216 2411 1226 2429; x_wconf 87' lang='lat'><strong>·</strong></span> 
     </span>
     <span class='ocr_line' id='line_1_26' title="bbox 275 2460 1226 2544; baseline 0.001 -22"><span class='ocrx_word' id='word_1_208' title='bbox 275 2460 394 2523; x_wconf 86' lang='lat' dir='ltr'>bimus.</span> <span class='ocrx_word' id='word_1_209' title='bbox 416 2462 452 2520; x_wconf 92' lang='lat' dir='ltr'>ln</span> <span class='ocrx_word' id='word_1_210' title='bbox 474 2461 630 2534; x_wconf 89' lang='lat' dir='ltr'>eobello,</span> <span class='ocrx_word' id='word_1_211' title='bbox 651 2460 729 2541; x_wconf 88' lang='lat' dir='ltr'>quod</span> <span class='ocrx_word' id='word_1_212' title='bbox 752 2461 789 2521; x_wconf 84' lang='lat' dir='ltr'>ad</span> <span class='ocrx_word' id='word_1_213' title='bbox 811 2460 976 2522; x_wconf 85' lang='lat' dir='ltr'>Cerasolam</span> <span class='ocrx_word' id='word_1_214' title='bbox 997 2463 1110 2544; x_wconf 84' lang='lat' dir='ltr'>gestum</span> <span class='ocrx_word' id='word_1_215' title='bbox 1131 2462 1169 2524; x_wconf 87' lang='lat' dir='ltr'>est</span> <span class='ocrx_word' id='word_1_216' title='bbox 1185 2461 1226 2523; x_wconf 81' lang='lat' dir='ltr'>ad·</span> 
     </span>
     <span class='ocr_line' id='line_1_27' title="bbox 272 2540 1222 2624; baseline 0.002 -23"><span class='ocrx_word' id='word_1_217' title='bbox 272 2542 387 2602; x_wconf 83' lang='lat' dir='ltr'>versum</span> <span class='ocrx_word' id='word_1_218' title='bbox 412 2541 541 2600; x_wconf 82' lang='lat' dir='ltr'>Histonii</span> <span class='ocrx_word' id='word_1_219' title='bbox 562 2540 744 2621; x_wconf 83' lang='lat' dir='ltr'>Principem,</span> <span class='ocrx_word' id='word_1_220' title='bbox 764 2540 796 2600; x_wconf 92' lang='lat' dir='ltr'>in</span> <span class='ocrx_word' id='word_1_221' title='bbox 817 2560 847 2600; x_wconf 89' lang='lat' dir='ltr'>te</span> <span class='ocrx_word' id='word_1_222' title='bbox 867 2542 987 2603; x_wconf 85' lang='lat' dir='ltr'>militari</span> <span class='ocrx_word' id='word_1_223' title='bbox 1008 2542 1096 2605; x_wconf 86' lang='lat' dir='ltr'>nullo¹</span> <span class='ocrx_word' id='word_1_224' title='bbox 1109 2543 1222 2624; x_wconf 80' lang='lat' dir='ltr'>Impera·</span> 
     </span>
     <span class='ocr_line' id='line_1_28' title="bbox 273 2618 1221 2703; baseline 0.002 -20"><span class='ocrx_word' id='word_1_225' title='bbox 273 2638 336 2683; x_wconf 82' lang='lat' dir='ltr'>tore</span> <span class='ocrx_word' id='word_1_226' title='bbox 366 2618 530 2679; x_wconf 83' lang='lat' dir='ltr'>inferiorem</span> <span class='ocrx_word' id='word_1_227' title='bbox 553 2619 685 2683; x_wconf 85' lang='lat' dir='ltr'>faciunt.</span> <span class='ocrx_word' id='word_1_228' title='bbox 714 2618 791 2680; x_wconf 83' lang='lat' dir='ltr'>Cum</span> <span class='ocrx_word' id='word_1_229' title='bbox 821 2620 868 2681; x_wconf 91' lang='lat' dir='ltr'>hic</span> <span class='ocrx_word' id='word_1_230' title='bbox 897 2620 985 2703; x_wconf 90' lang='lat' dir='ltr'>usque</span> <span class='ocrx_word' id='word_1_231' title='bbox 1013 2623 1044 2684; x_wconf 89' lang='lat' dir='ltr'>in</span> <span class='ocrx_word' id='word_1_232' title='bbox 1065 2623 1221 2686; x_wconf 76' lang='lat' dir='ltr'>Galliama</span> 
     </span>
     <span class='ocr_line' id='line_1_29' title="bbox 270 2696 1220 2795; baseline 0.006 -36"><span class='ocrx_word' id='word_1_233' title='bbox 270 2700 328 2760; x_wconf 87' lang='lat' dir='ltr'>suis</span> <span class='ocrx_word' id='word_1_234' title='bbox 349 2699 452 2759; x_wconf 85' lang='lat' dir='ltr'>certior</span> <span class='ocrx_word' id='word_1_235' title='bbox 473 2696 563 2758; x_wconf 75' lang='lat' dir='ltr'>faetus</span> <span class='ocrx_word' id='word_1_236' title='bbox 577 2700 675 2772; x_wconf 81' lang='lat' dir='ltr'>esset,</span> <span class='ocrx_word' id='word_1_237' title='bbox 698 2718 757 2779; x_wconf 89' lang='lat' dir='ltr'>qua</span> <span class='ocrx_word' id='word_1_238' title='bbox 778 2700 889 2760; x_wconf 90' lang='lat' dir='ltr'>ratione</span> <span class='ocrx_word' id='word_1_239' title='bbox 910 2701 1003 2762; x_wconf 86' lang='lat' dir='ltr'>hostes</span> <span class='ocrx_word' id='word_1_240' title='bbox 1024 2702 1134 2766; x_wconf 87' lang='lat' dir='ltr'>bellum</span> <span class='ocrx_word' id='word_1_241' title='bbox 1154 2721 1220 2795; x_wconf 78' lang='lat' dir='ltr'>gete·</span> 
     </span>
     <span class='ocr_line' id='line_1_30' title="bbox 271 2777 1225 2858; baseline 0.003 -19"><span class='ocrx_word' id='word_1_242' title='bbox 271 2795 362 2851; x_wconf 75' lang='lat' dir='ltr'>rent,</span> <span class='ocrx_word' id='word_1_243' title='bbox 390 2793 423 2839; x_wconf 85' lang='lat' dir='ltr'>ac</span> <span class='ocrx_word' id='word_1_244' title='bbox 444 2777 692 2858; x_wconf 80' lang='lat' dir='ltr'>quemadmodum</span> <span class='ocrx_word' id='word_1_245' title='bbox 713 2797 814 2839; x_wconf 86' lang='lat' dir='ltr'>eorum</span> <span class='ocrx_word' id='word_1_246' title='bbox 834 2780 947 2854; x_wconf 87' lang='lat' dir='ltr'>castra,</span> <span class='ocrx_word' id='word_1_247' title='bbox 967 2803 999 2844; x_wconf 90' lang='lat' dir='ltr'>ac</span> <span class='ocrx_word' id='word_1_248' title='bbox 1021 2782 1066 2843; x_wconf 95' lang='lat' dir='ltr'>illi</span> <span class='ocrx_word' id='word_1_249' title='bbox 1088 2783 1119 2844; x_wconf 94' lang='lat' dir='ltr'>in</span> <span class='ocrx_word' id='word_1_250' title='bbox 1141 2802 1179 2843; x_wconf 86' lang='lat' dir='ltr'>ets</span> <span class='ocrx_word' id='word_1_251' title='bbox 1197 2781 1225 2843; x_wconf 85' lang='lat' dir='ltr'>se·</span> 
     </span>
     <span class='ocr_line' id='line_1_31' title="bbox 269 2856 1219 2945; baseline 0.007 -27"><span class='ocrx_word' id='word_1_252' title='bbox 269 2857 406 2918; x_wconf 84' lang='lat' dir='ltr'>haberent</span> <span class='ocrx_word' id='word_1_253' title='bbox 421 2901 431 2930; x_wconf 92' lang='lat'><strong>‚</strong></span> <span class='ocrx_word' id='word_1_254' title='bbox 449 2857 599 2917; x_wconf 84' lang='lat' dir='ltr'>continuo</span> <span class='ocrx_word' id='word_1_255' title='bbox 622 2857 677 2918; x_wconf 90' lang='lat' dir='ltr'>suis</span> <span class='ocrx_word' id='word_1_256' title='bbox 706 2856 835 2921; x_wconf 88' lang='lat' dir='ltr'>rescribit</span> <span class='ocrx_word' id='word_1_257' title='bbox 849 2887 867 2934; x_wconf 94' lang='lat'>,·</span> <span class='ocrx_word' id='word_1_258' title='bbox 885 2861 962 2942; x_wconf 89' lang='lat' dir='ltr'>quid·</span> <span class='ocrx_word' id='word_1_259' title='bbox 985 2883 1071 2945; x_wconf 84' lang='lat' dir='ltr'>agere</span> <span class='ocrx_word' id='word_1_260' title='bbox 1090 2861 1219 2933; x_wconf 86' lang='lat' dir='ltr'>debeant;</span> 
     </span>
     <span class='ocr_line' id='line_1_32' title="bbox 268 2936 1270 3026; baseline 0.007 -28"><span class='ocrx_word' id='word_1_261' title='bbox 268 2938 314 2998; x_wconf 88' lang='lat' dir='ltr'>illi</span> <span class='ocrx_word' id='word_1_262' title='bbox 331 2958 408 2999; x_wconf 88' lang='lat' dir='ltr'>vero·</span> <span class='ocrx_word' id='word_1_263' title='bbox 421 2959 480 2998; x_wconf 89' lang='lat' dir='ltr'>non</span> <span class='ocrx_word' id='word_1_264' title='bbox 500 2937 580 3016; x_wconf 90' lang='lat' dir='ltr'>prius</span> <span class='ocrx_word' id='word_1_265' title='bbox 597 2938 656 3006; x_wconf 86' lang='lat' dir='ltr'>ejus</span> <span class='ocrx_word' id='word_1_266' title='bbox 664 2936 814 3000; x_wconf 88' lang='lat' dir='ltr'>confilium</span> <span class='ocrx_word' id='word_1_267' title='bbox 831 2941 934 3020; x_wconf 88' lang='lat' dir='ltr'>exequi</span> <span class='ocrx_word' id='word_1_268' title='bbox 952 2957 1121 3024; x_wconf 85' lang='lat' dir='ltr'>coepenmt,</span> <span class='ocrx_word' id='word_1_269' title='bbox 1140 2955 1218 3026; x_wconf 79' lang='lat' dir='ltr'>quam</span> <span class='ocrx_word' id='word_1_270' title='bbox 1268 2946 1270 2952; x_wconf 81' lang='grc'><em>’</em></span> 
     </span>
     <span class='ocr_line' id='line_1_33' title="bbox 268 3014 1218 3104; baseline 0.004 -25"><span class='ocrx_word' id='word_1_271' title='bbox 268 3018 380 3079; x_wconf 82' lang='lat' dir='ltr'>hollem</span> <span class='ocrx_word' id='word_1_272' title='bbox 401 3015 544 3091; x_wconf 80' lang='lat' dir='ltr'>fundunt,</span> <span class='ocrx_word' id='word_1_273' title='bbox 565 3014 595 3078; x_wconf 92' lang='lat' dir='ltr'>su</span> <span class='ocrx_word' id='word_1_274' title='bbox 617 3034 742 3098; x_wconf 86' lang='lat' dir='ltr'>antque,</span> <span class='ocrx_word' id='word_1_275' title='bbox 764 3018 795 3080; x_wconf 93' lang='lat'>&amp;</span> <span class='ocrx_word' id='word_1_276' title='bbox 816 3039 1000 3082; x_wconf 88' lang='lat' dir='ltr'>cumeorum</span> <span class='ocrx_word' id='word_1_277' title='bbox 1016 3043 1143 3104; x_wconf 84' lang='lat' dir='ltr'>magna,</span> <span class='ocrx_word' id='word_1_278' title='bbox 1164 3021 1218 3083; x_wconf 90' lang='lat' dir='ltr'>nul·</span> 
     </span>
     <span class='ocr_line' id='line_1_34' title="bbox 267 3097 1220 3170; baseline 0.003 -12"><span class='ocrx_word' id='word_1_279' title='bbox 267 3097 299 3160; x_wconf 87' lang='lat' dir='ltr'>la·</span> <span class='ocrx_word' id='word_1_280' title='bbox 322 3099 435 3160; x_wconf 91' lang='lat' dir='ltr'>suorum</span> <span class='ocrx_word' id='word_1_281' title='bbox 458 3097 580 3170; x_wconf 83' lang='lat' dir='ltr'>caede,vi</span> <span class='ocrx_word' id='word_1_282' title='bbox 611 3098 703 3159; x_wconf 82' lang='lat' dir='ltr'>oriam</span> <span class='ocrx_word' id='word_1_283' title='bbox 724 3098 755 3158; x_wconf 94' lang='lat' dir='ltr'>in</span> <span class='ocrx_word' id='word_1_284' title='bbox 779 3098 911 3161; x_wconf 78' lang='lat' dir='ltr'>Galliam</span> <span class='ocrx_word' id='word_1_285' title='bbox 933 3102 1106 3164; x_wconf 87' lang='lat' dir='ltr'>remittunt.</span> <span class='ocrx_word' id='word_1_286' title='bbox 1127 3103 1158 3162; x_wconf 94' lang='grc' dir='ltr'>Ο</span> <span class='ocrx_word' id='word_1_287' title='bbox 1176 3100 1220 3162; x_wconf 90' lang='lat' dir='ltr'>Di·</span> 
     </span>
     <span class='ocr_line' id='line_1_35' title="bbox 267 3178 1218 3261; baseline 0.004 -25"><span class='ocrx_word' id='word_1_288' title='bbox 267 3179 371 3239; x_wconf 82' lang='lat' dir='ltr'>vinum</span> <span class='ocrx_word' id='word_1_289' title='bbox 394 3178 569 3253; x_wconf 87' lang='lat' dir='ltr'>consilium,</span> <span class='ocrx_word' id='word_1_290' title='bbox 598 3200 617 3239; x_wconf 94' lang='lat' dir='ltr'>o</span> <span class='ocrx_word' id='word_1_291' title='bbox 639 3179 745 3239; x_wconf 91' lang='lat' dir='ltr'>mirum</span> <span class='ocrx_word' id='word_1_292' title='bbox 776 3180 888 3261; x_wconf 86' lang='lat' dir='ltr'>Regem</span> <span class='ocrx_word' id='word_1_293' title='bbox 918 3181 1130 3243; x_wconf 83' lang='lat' dir='ltr'>Franciscum!</span> <span class='ocrx_word' id='word_1_294' title='bbox 1149 3178 1218 3257; x_wconf 87' lang='lat' dir='ltr'>Quid</span> 
     </span>
     <span class='ocr_line' id='line_1_36' title="bbox 266 3257 1217 3344; baseline -0.002 -23"><span class='ocrx_word' id='word_1_295' title='bbox 266 3277 337 3322; x_wconf 83' lang='lat' dir='ltr'>nam</span> <span class='ocrx_word' id='word_1_296' title='bbox 360 3259 468 3333; x_wconf 77' lang='lat' dir='ltr'>maim,</span> <span class='ocrx_word' id='word_1_297' title='bbox 490 3257 560 3338; x_wconf 89' lang='lat' dir='ltr'>quid</span> <span class='ocrx_word' id='word_1_298' title='bbox 582 3258 718 3338; x_wconf 81' lang='lat' dir='ltr'>dignius,</span> <span class='ocrx_word' id='word_1_299' title='bbox 739 3258 811 3340; x_wconf 90' lang='lat' dir='ltr'>quid</span> <span class='ocrx_word' id='word_1_300' title='bbox 832 3259 981 3340; x_wconf 85' lang='lat' dir='ltr'>gloriosius</span> <span class='ocrx_word' id='word_1_301' title='bbox 1003 3306 1012 3336; x_wconf 91' lang='lat'>,</span> <span class='ocrx_word' id='word_1_302' title='bbox 1033 3282 1125 3344; x_wconf 88' lang='lat' dir='ltr'>quam</span> <span class='ocrx_word' id='word_1_303' title='bbox 1146 3260 1217 3322; x_wconf 87' lang='lat' dir='ltr'>domi</span> 
     </span>
     <span class='ocr_line' id='line_1_37' title="bbox 265 3337 1218 3422; baseline 0.006 -26"><span class='ocrx_word' id='word_1_304' title='bbox 265 3338 356 3396; x_wconf 84' lang='lat' dir='ltr'>etiam</span> <span class='ocrx_word' id='word_1_305' title='bbox 379 3337 500 3399; x_wconf 93' lang='lat' dir='ltr'>sedendo</span> <span class='ocrx_word' id='word_1_306' title='bbox 521 3339 652 3412; x_wconf 87' lang='lat' dir='ltr'>vincere,</span> <span class='ocrx_word' id='word_1_307' title='bbox 671 3358 761 3419; x_wconf 83' lang='lat' dir='ltr'>quam</span> <span class='ocrx_word' id='word_1_308' title='bbox 777 3338 941 3415; x_wconf 87' lang='lat' dir='ltr'>absentem,</span> <span class='ocrx_word' id='word_1_309' title='bbox 962 3356 1052 3422; x_wconf 86' lang='lat' dir='ltr'>atque</span> <span class='ocrx_word' id='word_1_310' title='bbox 1070 3342 1218 3415; x_wconf 87' lang='lat' dir='ltr'>inermem,</span> 
     </span>
     <span class='ocr_line' id='line_1_38' title="bbox 266 3414 1219 3506; baseline 0.005 -29"><span class='ocrx_word' id='word_1_311' title='bbox 266 3414 437 3489; x_wconf 82' lang='lat' dir='ltr'>absentem,</span> <span class='ocrx_word' id='word_1_312' title='bbox 457 3434 546 3506; x_wconf 90' lang='lat' dir='ltr'>atque</span> <span class='ocrx_word' id='word_1_313' title='bbox 567 3433 711 3485; x_wconf 82' lang='lat' dir='ltr'>armatum</span> <span class='ocrx_word' id='word_1_314' title='bbox 731 3418 841 3480; x_wconf 87' lang='lat' dir='ltr'>hostem</span> <span class='ocrx_word' id='word_1_315' title='bbox 863 3418 1021 3500; x_wconf 85' lang='lat' dir='ltr'>superare?</span> <span class='ocrx_word' id='word_1_316' title='bbox 1050 3421 1147 3482; x_wconf 79' lang='lat' dir='ltr'>Unius</span> <span class='ocrx_word' id='word_1_317' title='bbox 1173 3420 1219 3492; x_wconf 82' lang='lat' dir='ltr'>Ju-</span> 
     </span>
     <span class='ocr_line' id='line_1_39' title="bbox 265 3494 1226 3579; baseline 0.004 -24"><span class='ocrx_word' id='word_1_318' title='bbox 265 3494 349 3555; x_wconf 77' lang='lat' dir='ltr'>slitiae</span> <span class='ocrx_word' id='word_1_319' title='bbox 370 3511 452 3556; x_wconf 87' lang='lat' dir='ltr'>tanta</span> <span class='ocrx_word' id='word_1_320' title='bbox 473 3517 518 3558; x_wconf 83' lang='lat' dir='ltr'>vis</span> <span class='ocrx_word' id='word_1_321' title='bbox 541 3498 597 3572; x_wconf 91' lang='lat' dir='ltr'>est,</span> <span class='ocrx_word' id='word_1_322' title='bbox 618 3514 758 3579; x_wconf 85' lang='lat' dir='ltr'>tantaque</span> <span class='ocrx_word' id='word_1_323' title='bbox 777 3499 962 3574; x_wconf 88' lang='lat' dir='ltr'>excellentia,</span> <span class='ocrx_word' id='word_1_324' title='bbox 982 3517 1016 3561; x_wconf 92' lang='lat' dir='ltr'>ut</span> <span class='ocrx_word' id='word_1_325' title='bbox 1036 3501 1098 3570; x_wconf 81' lang='lat' dir='ltr'>ejus</span> <span class='ocrx_word' id='word_1_326' title='bbox 1120 3500 1226 3562; x_wconf 84' lang='lat' dir='ltr'>virtute·</span> 
     </span>
     <span class='ocr_line' id='line_1_40' title="bbox 267 3573 1223 3660; baseline 0.007 -27"><span class='ocrx_word' id='word_1_327' title='bbox 267 3573 371 3643; x_wconf 85' lang='lat' dir='ltr'>divina</span> <span class='ocrx_word' id='word_1_328' title='bbox 391 3595 449 3634; x_wconf 90' lang='lat' dir='ltr'>non</span> <span class='ocrx_word' id='word_1_329' title='bbox 471 3575 563 3637; x_wconf 91' lang='lat' dir='ltr'>solum</span> <span class='ocrx_word' id='word_1_330' title='bbox 583 3595 674 3639; x_wconf 87' lang='lat' dir='ltr'>coetus</span> <span class='ocrx_word' id='word_1_331' title='bbox 704 3578 882 3653; x_wconf 89' lang='lat' dir='ltr'>hominum,</span> <span class='ocrx_word' id='word_1_332' title='bbox 909 3600 981 3660; x_wconf 86' lang='lat' dir='ltr'>quas</span> <span class='ocrx_word' id='word_1_333' title='bbox 1010 3580 1157 3642; x_wconf 85' lang='lat' dir='ltr'>Civitates</span> <span class='ocrx_word' id='word_1_334' title='bbox 1179 3599 1223 3660; x_wconf 88' lang='lat' dir='ltr'>ap·</span> 
     </span>
     <span class='ocr_line' id='line_1_41' title="bbox 308 3652 1221 3742; baseline 0.01 -31"><span class='ocrx_word' id='word_1_335' title='bbox 308 3652 438 3742; x_wconf 71' lang='lat' dir='ltr'>llantur,</span> <span class='ocrx_word' id='word_1_336' title='bbox 468 3657 581 3734; x_wconf 87' lang='lat' dir='ltr'>optime</span> <span class='ocrx_word' id='word_1_337' title='bbox 609 3659 838 3731; x_wconf 89' lang='lat' dir='ltr'>conserventur,</span> <span class='ocrx_word' id='word_1_338' title='bbox 868 3679 970 3720; x_wconf 87' lang='lat' dir='ltr'>verum</span> <span class='ocrx_word' id='word_1_339' title='bbox 991 3660 1082 3727; x_wconf 89' lang='lat' dir='ltr'>etiam</span> <span class='ocrx_word' id='word_1_340' title='bbox 1099 3660 1146 3734; x_wconf 88' lang='lat' dir='ltr'>si,</span> <span class='ocrx_word' id='word_1_341' title='bbox 1174 3658 1221 3740; x_wconf 88' lang='lat' dir='ltr'>qui</span> 
     </span>
     <span class='ocr_line' id='line_1_42' title="bbox 281 3734 1222 3821; baseline 0.01 -30"><span class='ocrx_word' id='word_1_342' title='bbox 281 3747 495 3821; x_wconf 75' lang='lat' dir='ltr'>ntroctnantut,</span> <span class='ocrx_word' id='word_1_343' title='bbox 516 3734 570 3797; x_wconf 89' lang='lat' dir='ltr'>hac</span> <span class='ocrx_word' id='word_1_344' title='bbox 591 3754 650 3798; x_wconf 81' lang='lat' dir='ltr'>una</span> <span class='ocrx_word' id='word_1_345' title='bbox 670 3753 802 3811; x_wconf 89' lang='lat' dir='ltr'>careant,</span> <span class='ocrx_word' id='word_1_346' title='bbox 824 3738 919 3798; x_wconf 90' lang='lat' dir='ltr'>llatim</span> <span class='ocrx_word' id='word_1_347' title='bbox 937 3755 968 3799; x_wconf 89' lang='lat' dir='ltr'>ut</span> <span class='ocrx_word' id='word_1_348' title='bbox 989 3759 1091 3800; x_wconf 89' lang='lat' dir='ltr'>eorum</span> <span class='ocrx_word' id='word_1_349' title='bbox 1110 3738 1222 3800; x_wconf 74' lang='lat' dir='ltr'>societas</span> 
     </span>
     <span class='ocr_line' id='line_1_43' title="bbox 267 3811 1225 3901; baseline 0.009 -28"><span class='ocrx_word' id='word_1_350' title='bbox 267 3811 429 3892; x_wconf 71' lang='lat' dir='ltr'>dirimatur,</span> <span class='ocrx_word' id='word_1_351' title='bbox 438 3815 543 3877; x_wconf 89' lang='lat' dir='ltr'>necelle</span> <span class='ocrx_word' id='word_1_352' title='bbox 551 3815 701 3892; x_wconf 84' lang='lat' dir='ltr'>est.Quod</span> <span class='ocrx_word' id='word_1_353' title='bbox 721 3832 819 3899; x_wconf 79' lang='lat' dir='ltr'>autem</span> <span class='ocrx_word' id='word_1_354' title='bbox 837 3819 900 3901; x_wconf 80' lang='lat' dir='ltr'>Rex</span> <span class='ocrx_word' id='word_1_355' title='bbox 916 3818 1151 3887; x_wconf 80' lang='lat' dir='ltr'>Franciscushoc</span> <span class='ocrx_word' id='word_1_356' title='bbox 1171 3820 1225 3882; x_wconf 85' lang='lat' dir='ltr'>Re-</span> 
     </span>
     <span class='ocr_line' id='line_1_44' title="bbox 319 3917 1187 3964; baseline 0.012 -11"><span class='ocrx_word' id='word_1_357' title='bbox 319 3944 323 3953; x_wconf 85' lang='lat'>.</span> <span class='ocrx_word' id='word_1_358' title='bbox 1121 3917 1187 3964; x_wconf 76' lang='lat' dir='ltr'>tum</span> 
     </span>
    </p>
   </div>
   <div class='ocr_carea' id='block_1_2' title="bbox 0 0 1504 4559">
    <p class='ocr_par' dir='ltr' id='par_1_2' title="bbox 0 0 1504 4559">
     <span class='ocr_line' id='line_1_45' title="bbox 0 0 1504 4559; baseline 0 7"><span class='ocrx_word' id='word_1_359' title='bbox 0 0 1504 4559; x_wconf 95' lang='lat' dir='ltr'> </span> 
     </span>
    </p>
   </div>
  </div>
 </body>
</html>
