3000 4559
322 480 361 542 80
538 475 790 540 BARTHOL.
820 473 981 538 RICCll

281 563 422 630 moritur3
445 570 479 620 ut
500 558 575 619 nulli
594 557 715 619 dubium
736 558 789 620 esse
808 557 915 638 possit,
944 555 995 638 qui
1020 554 1061 614 ita
1081 551 1113 613 in
1135 551 1192 614 fine
1210 546 1238 615 se

279 662 348 702 cum
369 641 432 700 Deo
472 637 548 714 effit,
571 638 644 719 quin
664 638 708 698 ita
729 636 765 698 de
787 657 837 713 eo,
859 655 891 699 ut
911 657 963 717 par
979 634 1148 694 Christiano
1167 632 1235 705 suit,

280 720 393 800 semper
412 658 561 789 judicarit.
583 720 666 792 Quin
687 716 718 778 δι
737 737 772 778 ex
793 737 828 778 eo
849 717 910 797 ipso
931 712 1104 776 sanfflffimo
1126 711 1235 772 discessu

279 799 356 860 nulli
378 796 569 859 dubitandum
591 796 643 858 esse
664 795 813 872 arbitror,
833 795 905 878 quin
928 811 988 856 tam
1010 793 1062 854 reli
1085 791 1161 853 iosus
1181 792 1236 851 ani·

281 899 365 952 mus,
387 894 503 959 tamque
523 878 574 958 pio
594 877 722 937 Deorum
745 876 826 937 cultu
846 875 1005 957 praeditus,
1026 814 1102 933 resia
1121 871 1154 930 in
1173 871 1235 932 Coe·

279 957 342 1018 lum
365 958 514 1032 evolant,
544 955 594 1018 ubi
623 976 697 1017 unus
726 956 871 1017 Caelitum
899 952 991 1014 fadus
1011 973 1045 1013 ea
1064 951 1163 1032 gloria
1180 969 1234 1030 per·

276 1035 401 1112 fruitur,
424 1057 482 1119 qua
502 1036 622 1118 quisque
643 1034 791 1110 nostrum,
808 1037 861 1117 qui
882 1033 1031 1095 Christum
1052 1031 1175 1092 humani
1193 1050 1235 1110 ge·

280 1119 357 1177 neris
379 1118 559 1176 Servatorem
580 1114 730 1190 fatemur,
749 1116 858 1198 quique
879 1114 938 1184 ejus
960 1110 1139 1174 sanslislrmis
1161 1129 1233 1170 man-

279 1195 354 1256 datis
382 1195 505 1256 fideliter
525 1195 786 1276 obtemperamus,
815 1194 871 1256 frui
884 1264 886 1268 .
900 1194 1071 1274 speramus.
1101 1190 1173 1252 Fuit
1192 1189 1232 1249 hic

283 1277 400 1355 quidem
409 1275 486 1349 dies,
509 1274 723 1355 Princeps‚tibi
733 1275 867 1348 acerbus,
890 1273 975 1343 hujus
998 1271 1119 1343 liberis,
1142 1268 1233 1342 uxori,

280 1355 451 1436 propinquis
471 1356 578 1416 caeteris
599 1354 771 1431 ludluosus,
801 1352 923 1416 Civibus
944 1351 1057 1425 tristis,
1087 1349 1187 1411 amicis
1203 1361 1231 1410 o‘·

278 1435 395 1496 mnibus
416 1435 537 1514 gravis,
566 1433 612 1495 sed
631 1455 666 1494 ex
688 1435 747 1509 iis,
798 1454 841 1495 uae
863 1450 930 1495 ante
951 1432 1095 1503 diximus,
1118 1450 1153 1490 ea
1172 1427 1229 1489 sidet

278 1513 413 1574 omnibus
435 1511 494 1590 fit,
524 1530 558 1576 ut
586 1535 645 1575 non
666 1513 758 1574 solum
776 1455 828 1575 iic
848 1534 883 1574 ex
903 1510 1104 1583 iucundillrma
1125 1507 1229 1571 vitain

277 1593 399 1674 aliquod
421 1593 531 1655 malum
555 1612 687 1674 ereptus,
709 1595 755 1654 sed
776 1615 810 1653 ex
831 1594 950 1655 summis
973 1591 1092 1652 miseriis
1116 1589 1147 1650 in
1163 1588 1230 1648 sum·

276 1693 358 1733 mam
381 1672 505 1753 gloriam
528 1674 654 1735 sublatus
676 1672 729 1734 elle
750 1673 893 1735 videatur.
916 1675 996 1732 Nam
1009 1671 1062 1753 qui
1082 1670 1126 1730 ita
1146 1667 1228 1740 vixit,

276 1753 379 1834 itaque
399 1754 548 1828 moritur,
575 1774 642 1814 cum
664 1752 780 1815 Christo
803 1773 870 1813 eum
891 1751 1020 1824 vixisse,
1051 1766 1140 1830 atque
1159 1765 1226 1808 nunc

275 1850 344 1891 cum
364 1832 466 1892 eodem
485 1832 595 1894 beatius
619 1833 740 1907 vivere,
771 1853 822 1912 pro
849 1848 929 1892 certo
957 1831 997 1890 est
1017 1827 1227 1890 affirmandum.

277 1913 373 1984 Quare
404 1910 448 1971 illi
476 1912 565 1972 etiam
594 1914 688 1990 magis
715 1910 921 1992 gratulandum
951 1912 1003 1970 esse
1025 1929 1102 1970 nunc
1122 1906 1226 1979 censeo,

276 1990 356 2070 quod
385 1990 409 2050 is
437 1990 550 2051 animus
577 1991 657 2072 quasi
685 2011 719 2051 ex
740 1990 791 2052 suo
812 1992 899 2052 exilio
919 1991 950 2050 in
974 1989 1103 2051 Patriam
1123 2006 1226 2048 revoca·

276 2084 326 2128 tus
347 2068 381 2129 srt
398 2113 407 2144 ,
426 2069 504 2151 quod
525 2091 559 2131 ex
581 2071 624 2130 his
635 2069 758 2131 tenebris
772 2070 810 2140 ,in
829 2087 979 2144 aternam,
999 2089 1032 2130 ac
1054 2063 1226 2151 splendidissi-=

276 2167 358 2208 mam
382 2148 475 2210 lucem
497 2151 636 2224 exiverit,
657 2151 736 2238 quod
758 2170 792 2211 ex
815 2150 870 2210 hoc
891 2170 1000 2211 carcere
1020 2148 1058 2209 ad
1079 2167 1177 2208 veram
1197 2143 1224 2205 il·

276 2227 337 2286 lam
358 2248 391 2290 ac
412 2246 579 2310 perpetuam
602 2228 727 2309 gloriam
749 2230 890 2303 evolarit,
909 2250 998 2310 quam
1007 2228 1165 2310 quicquam
1183 2223 1224 2286 do·

276 2306 407 2383 lendum,
416 2309 514 2389 quod,
533 2329 568 2370 eo
588 2308 818 2383 cadente,nobis
828 2311 938 2383 multa,
960 2330 992 2369 ac
1002 2309 1133 2369 maxima
1158 2325 1224 2368 cont·

275 2387 365 2447 moda
385 2389 587 2449 conciderint.
609 2389 682 2448 Vim
704 2390 796 2469 igitur
816 2390 909 2450 dolori
928 2387 1094 2450 faciendum
1117 2389 1171 2461 eil,
1192 2385 1223 2444 la·

277 2486 381 2545 crymae
399 2468 564 2528 cohibenda
584 2512 593 2542 ,
613 2467 716 2542 fletus,
737 2469 869 2550 questus,
884 2471 1011 2529 lamenta
1031 2465 1222 2547 compescenda

277 2546 368 2620 s'unr,
398 2567 433 2606 ne
462 2548 555 2627 magis
576 2550 607 2608 in
628 2565 727 2628 erepto
749 2549 845 2609 amico
865 2548 960 2610 nostra
980 2547 1135 2609 commoda
1153 2542 1220 2626 queri

276 2626 453 2700 videamur,
474 2647 561 2706 quam
584 2628 695 2688 summa
715 2627 761 2688 illi
782 2627 925 2688 bonorum
948 2629 1084 2688 omnium
1103 2623 1221 2688 accessio·
1264 2621 1265 2691 ᾗ

274 2725 312 2765 ne
333 2703 408 2764 sasla
428 2725 486 2765 non
507 2725 683 2794 magnopere
704 2705 808 2767 laetari.
832 2707 867 2768 Id
889 2708 993 2789 quod,
1017 2707 1150 2784 Princeps
1171 2722 1220 2762 am·
1264 2733 1265 2749 κ

274 2783 418 2863 plislime,
440 2804 473 2848 ut
495 2805 552 2852 etus
575 2806 662 2859 uxor,¹
684 2786 778 2860 socer,
800 2786 912 2861 socrus,
932 2786 1089 2867 propinqui
1112 2783 1158 2843 rel'
1181 2781 1220 2852 ui,

273 2865 327 2951 qui
348 2863 441 2923 dolori
462 2865 548 2944 longe
563 2865 713 3004 propiores
735 2866 818 2940 sunt,
837 2865 947 2928 facilius
964 2867 1093 2946 praestare
1110 2803 1217 2944 pollina

275 2963 307 3003 in
329 2957 379 3002 tua
401 2943 524 3022 positum
547 2964 562 3005 e
607 2965 719 3006 manu.
741 2945 775 3006 l'd
796 2964 894 3008 autem
914 2947 995 3020 erit,
1016 2946 1036 3006 sr
1057 2944 1142 3015 hujus
1163 2941 1216 3003 libe

274 3042 338 3096 ros,
358 3023 475 3111 illorum
498 3043 532 3083 ne
553 3041 614 3087 otes
636 3041 687 3086 tua
706 3025 807 3109 aliqua
826 3026 956 3106 prasenti
972 3026 1153 3105 benignitate
1169 3019 1217 3083 sub·

274 3103 366 3162 levari
386 3103 514 3164 curabis.
567 3124 604 3166 uo
626 3125 717 3165 mares
737 3105 820 3180 sunt,
842 3104 970 3166 soeminae
985 3122 1128 3186 quatuor,
1149 3098 1216 3181 septi·

274 3201 341 3242 mus
362 3183 488 3263 reliquus
510 3186 565 3260 est,
587 3185 638 3266 qui
660 3184 814 3265 septimum
836 3186 965 3256 mensem,
982 3188 1013 3246 in
1031 3185 1134 3245 matris
1150 3197 1216 3245 utero

274 3261 376 3324 misere
388 3265 488 3350 'agit3
508 3265 582 3339 cui,
603 3284 670 3325 cum
690 3265 721 3325 in
743 3263 796 3326 has
818 3265 947 3327 tenebras
968 3264 1066 3348 [quid
1089 3265 1166 3325 enim
1184 3259 1216 3319 lu

273 3360 336 3400 cem
365 3346 484 3417 dicam,
512 3344 559 3405 cui
588 3344 685 3404 omnis
714 3342 766 3405 lux
793 3344 825 3406 in
854 3347 937 3407 Patre
959 3363 1078 3407 mortuo
1099 3345 1216 3420 adempta

273 3421 313 3479 est
331 3418 340 3476 ἓ
360 3419 372 3500 ]
395 3422 511 3496 exibit,
542 3423 747 3483 Bartholomaei
768 3424 860 3486 Patris
881 3446 987 3485 nomen
1009 3425 1164 3504 posthumo
1180 3437 1216 3498 pa·

195 3506 198 3513 ’
273 3515 370 3559 ratum
391 3500 454 3559 est.
484 3503 557 3561 Sane
579 3504 681 3561 misera
700 3502 855 3564 liberorum
887 3525 1014 3576 manns,
1042 3505 1096 3563 nisi
1126 3503 1154 3561 in
1174 3500 1215 3558 hat

154 3910 210 4058 ἱ.

272 3577 324 3665 sua
346 3577 513 3641 calamitate
533 3601 567 3641 eo
588 3582 684 3643 minus
705 3581 831 3644 inselices
853 3582 953 3656 liberi,
973 3603 1064 3664 quam
1085 3603 1149 3642 eam
1165 3593 1216 3639 ata·

273 3673 312 3717 trs
333 3655 469 3718 beneficio
490 3660 601 3721 nullam
623 3683 700 3724 nunc
720 3661 869 3722 sentiunt.
892 3663 945 3723 Sed
962 3663 1060 3723 frate
1077 3663 1214 3724 destituan-

227 3772 228 3775 ¹
273 3751 340 3808 tur,
361 3739 493 3798 omnium
513 3739 602 3802 futuri
624 3741 689 3804 sunt
709 3742 876 3817 miserrimi,
895 3763 962 3803 cum
979 3757 1051 3804 natu
1066 3740 1215 3823 grandiores

276 3815 389 3879 inuno
412 3817 583 3885 snuiffimo
599 3823 720 3884 Parente
741 3823 791 3882 suo
819 3825 938 3894 cadente
965 3823 1066 3886 omnia
1086 3823 1136 3886 sua
1156 3819 1218 3879 bom

1124 3920 1185 3963 corr·

1261 2886 1265 2967 l

1262 3844 1266 3883 l
