<?xml version="1.0" encoding="UTF-8"?>
<!DOCTYPE html PUBLIC "-//W3C//DTD XHTML 1.0 Transitional//EN"
    "http://www.w3.org/TR/xhtml1/DTD/xhtml1-transitional.dtd">
<html xmlns="http://www.w3.org/1999/xhtml" xml:lang="en" lang="en">
 <head>
  <title>
</title>
<meta http-equiv="Content-Type" content="text/html;charset=utf-8" />
  <meta name='ocr-system' content='tesseract 3.04.00' />
  <meta name='ocr-capabilities' content='ocr_page ocr_carea ocr_par ocr_line ocrx_word'/>
</head>
<body>
  <div class='ocr_page' id='page_1' title='image "./operumtomusprim00riccgoog/operumtomusprim00riccgoog_0160.png"; bbox 0 0 3000 4559; ppageno 0'>
   <div class='ocr_carea' id='block_1_1' title="bbox 254 452 1244 1976">
    <p class='ocr_par' dir='ltr' id='par_1_1' title="bbox 254 452 1244 1976">
     <span class='ocr_line' id='line_1_1' title="bbox 326 452 992 535; baseline -0.011 -14"><span class='ocrx_word' id='word_1_1' title='bbox 326 452 407 535; x_wconf 48' lang='grc' dir='ltr'>’ως</span> <span class='ocrx_word' id='word_1_2' title='bbox 480 512 484 519; x_wconf 87' lang='grc'>.</span> <span class='ocrx_word' id='word_1_3' title='bbox 548 456 799 517; x_wconf 82' lang='lat' dir='ltr'><em>BARTHOL.</em></span> <span class='ocrx_word' id='word_1_4' title='bbox 830 457 992 515; x_wconf 82' lang='lat' dir='ltr'>Riccrr</span> 
     </span>
     <span class='ocr_line' id='line_1_2' title="bbox 284 530 1244 618; baseline -0.009 -16"><span class='ocrx_word' id='word_1_5' title='bbox 284 555 408 613; x_wconf 77' lang='lat' dir='ltr'>tamen,</span> <span class='ocrx_word' id='word_1_6' title='bbox 426 549 634 618; x_wconf 84' lang='lat' dir='ltr'>pugnaturque</span> <span class='ocrx_word' id='word_1_7' title='bbox 651 536 686 599; x_wconf 92' lang='lat' dir='ltr'>ab</span> <span class='ocrx_word' id='word_1_8' title='bbox 704 553 825 617; x_wconf 90' lang='lat' dir='ltr'>utraque</span> <span class='ocrx_word' id='word_1_9' title='bbox 883 550 925 597; x_wconf 91' lang='lat' dir='ltr'>rte</span> <span class='ocrx_word' id='word_1_10' title='bbox 939 532 1056 598; x_wconf 86' lang='lat' dir='ltr'>acriter.</span> <span class='ocrx_word' id='word_1_11' title='bbox 1077 532 1159 594; x_wconf 82' lang='lat' dir='ltr'>Nam</span> <span class='ocrx_word' id='word_1_12' title='bbox 1174 530 1244 594; x_wconf 87' lang='lat' dir='ltr'>Hel·</span> 
     </span>
     <span class='ocr_line' id='line_1_3' title="bbox 282 611 1241 696; baseline -0.003 -19"><span class='ocrx_word' id='word_1_13' title='bbox 282 619 384 692; x_wconf 71' lang='lat' dir='ltr'>aetii,</span> <span class='ocrx_word' id='word_1_14' title='bbox 427 615 457 687; x_wconf 85' lang='lat' dir='ltr'>ui</span> <span class='ocrx_word' id='word_1_15' title='bbox 477 630 512 677; x_wconf 84' lang='lat' dir='ltr'>err</span> <span class='ocrx_word' id='word_1_16' title='bbox 532 616 667 679; x_wconf 89' lang='lat' dir='ltr'>omnibus</span> <span class='ocrx_word' id='word_1_17' title='bbox 688 615 792 696; x_wconf 85' lang='lat' dir='ltr'>ptaeliis</span> <span class='ocrx_word' id='word_1_18' title='bbox 800 616 831 678; x_wconf 86' lang='lat' dir='ltr'>vi</span> <span class='ocrx_word' id='word_1_19' title='bbox 862 616 954 677; x_wconf 90' lang='lat' dir='ltr'>otiam</span> <span class='ocrx_word' id='word_1_20' title='bbox 976 611 1076 675; x_wconf 88' lang='lat' dir='ltr'>referre</span> <span class='ocrx_word' id='word_1_21' title='bbox 1097 611 1241 688; x_wconf 84' lang='lat' dir='ltr'>solebant,</span> 
     </span>
     <span class='ocr_line' id='line_1_4' title="bbox 282 637 1242 779; baseline -0.005 -20"><span class='ocrx_word' id='word_1_22' title='bbox 282 700 393 779; x_wconf 84' lang='lat' dir='ltr'>quique</span> <span class='ocrx_word' id='word_1_23' title='bbox 406 637 442 776; x_wconf 70' lang='lat' dir='ltr'>se</span> <span class='ocrx_word' id='word_1_24' title='bbox 462 695 629 777; x_wconf 81' lang='lat' dir='ltr'><strong>Principum</strong></span> <span class='ocrx_word' id='word_1_25' title='bbox 650 695 807 757; x_wconf 88' lang='lat' dir='ltr'>domitores</span> <span class='ocrx_word' id='word_1_26' title='bbox 826 694 1029 776; x_wconf 82' lang='lat' dir='ltr'>appellabant,</span> <span class='ocrx_word' id='word_1_27' title='bbox 1051 693 1127 753; x_wconf 89' lang='lat' dir='ltr'>hanc</span> <span class='ocrx_word' id='word_1_28' title='bbox 1157 691 1242 754; x_wconf 87' lang='lat' dir='ltr'>arnit-</span> 
     </span>
     <span class='ocr_line' id='line_1_5' title="bbox 282 771 1240 913; baseline -0.003 -76"><span class='ocrx_word' id='word_1_29' title='bbox 282 792 366 848; x_wconf 89' lang='lat' dir='ltr'>rere,</span> <span class='ocrx_word' id='word_1_30' title='bbox 394 792 483 858; x_wconf 90' lang='lat' dir='ltr'>atque</span> <span class='ocrx_word' id='word_1_31' title='bbox 511 775 622 837; x_wconf 90' lang='lat' dir='ltr'>abhoc</span> <span class='ocrx_word' id='word_1_32' title='bbox 644 797 702 837; x_wconf 93' lang='lat' dir='ltr'>uno</span> <span class='ocrx_word' id='word_1_33' title='bbox 723 775 803 837; x_wconf 90' lang='lat' dir='ltr'>vinci</span> <span class='ocrx_word' id='word_1_34' title='bbox 824 775 1001 836; x_wconf 79' lang='lat' dir='ltr'>adolescente</span> <span class='ocrx_word' id='word_1_35' title='bbox 1021 773 1150 913; x_wconf 54' lang='lat' dir='ltr'>{rariter</span> <span class='ocrx_word' id='word_1_36' title='bbox 1170 771 1240 834; x_wconf 88' lang='lat' dir='ltr'>indi·</span> 
     </span>
     <span class='ocr_line' id='line_1_6' title="bbox 282 851 1241 936; baseline -0.004 -20"><span class='ocrx_word' id='word_1_37' title='bbox 282 855 476 936; x_wconf 80' lang='lat' dir='ltr'>gnabantur.&#39;</span> <span class='ocrx_word' id='word_1_38' title='bbox 495 856 559 917; x_wconf 84' lang='lat' dir='ltr'>Rex</span> <span class='ocrx_word' id='word_1_39' title='bbox 582 876 652 917; x_wconf 90' lang='lat' dir='ltr'>veto</span> <span class='ocrx_word' id='word_1_40' title='bbox 674 854 783 928; x_wconf 80' lang='lat' dir='ltr'>noster,</span> <span class='ocrx_word' id='word_1_41' title='bbox 804 871 840 917; x_wconf 88' lang='lat' dir='ltr'>ut</span> <span class='ocrx_word' id='word_1_42' title='bbox 860 854 927 915; x_wconf 89' lang='lat' dir='ltr'>inde</span> <span class='ocrx_word' id='word_1_43' title='bbox 947 874 1007 915; x_wconf 92' lang='lat' dir='ltr'>tein</span> <span class='ocrx_word' id='word_1_44' title='bbox 1048 851 1162 913; x_wconf 85' lang='lat' dir='ltr'>ellicarn</span> <span class='ocrx_word' id='word_1_45' title='bbox 1181 851 1241 913; x_wconf 86' lang='lat' dir='ltr'>seli·</span> 
     </span>
     <span class='ocr_line' id='line_1_7' title="bbox 281 931 1239 1016; baseline -0.003 -21"><span class='ocrx_word' id='word_1_46' title='bbox 281 935 345 1005; x_wconf 84' lang='lat' dir='ltr'>cius</span> <span class='ocrx_word' id='word_1_47' title='bbox 365 936 575 1014; x_wconf 77' lang='lat' dir='ltr'>auspicaretur,</span> <span class='ocrx_word' id='word_1_48' title='bbox 598 951 631 995; x_wconf 89' lang='lat' dir='ltr'>ut</span> <span class='ocrx_word' id='word_1_49' title='bbox 653 950 736 996; x_wconf 91' lang='lat' dir='ltr'>tanto</span> <span class='ocrx_word' id='word_1_50' title='bbox 756 936 859 1016; x_wconf 84' lang='lat' dir='ltr'>Regno</span> <span class='ocrx_word' id='word_1_51' title='bbox 880 934 910 995; x_wconf 73' lang='grc' dir='ltr'>ἃ</span> <span class='ocrx_word' id='word_1_52' title='bbox 932 933 1065 1007; x_wconf 90' lang='lat' dir='ltr'>tuendo,</span> <span class='ocrx_word' id='word_1_53' title='bbox 1087 931 1119 992; x_wconf 71' lang='grc' dir='ltr'>ἃ</span> <span class='ocrx_word' id='word_1_54' title='bbox 1140 931 1239 1013; x_wconf 88' lang='lat' dir='ltr'>ampli·</span> 
     </span>
     <span class='ocr_line' id='line_1_8' title="bbox 280 1011 1238 1089; baseline -0.006 -13"><span class='ocrx_word' id='word_1_55' title='bbox 280 1013 433 1089; x_wconf 85' lang='lat' dir='ltr'>sicandose</span> <span class='ocrx_word' id='word_1_56' title='bbox 453 1013 590 1077; x_wconf 84' lang='lat' dir='ltr'>idoneum</span> <span class='ocrx_word' id='word_1_57' title='bbox 599 1012 652 1075; x_wconf 89' lang='lat' dir='ltr'>esse</span> <span class='ocrx_word' id='word_1_58' title='bbox 661 1034 720 1075; x_wconf 92' lang='lat' dir='ltr'>non</span> <span class='ocrx_word' id='word_1_59' title='bbox 742 1013 836 1077; x_wconf 84' lang='lat' dir='ltr'>solum</span> <span class='ocrx_word' id='word_1_60' title='bbox 847 1014 920 1088; x_wconf 86' lang='lat' dir='ltr'>suis,</span> <span class='ocrx_word' id='word_1_61' title='bbox 939 1013 984 1074; x_wconf 88' lang='lat' dir='ltr'>sed</span> <span class='ocrx_word' id='word_1_62' title='bbox 1002 1011 1144 1075; x_wconf 87' lang='lat' dir='ltr'>&amp;alienis</span> <span class='ocrx_word' id='word_1_63' title='bbox 1152 1011 1238 1072; x_wconf 85' lang='lat' dir='ltr'>oslen-</span> 
     </span>
     <span class='ocr_line' id='line_1_9' title="bbox 254 1090 1236 1174; baseline -0.004 -18"><span class='ocrx_word' id='word_1_64' title='bbox 254 1126 256 1131; x_wconf 86' lang='lat'><em>.</em></span> <span class='ocrx_word' id='word_1_65' title='bbox 282 1094 498 1166; x_wconf 78' lang='lat' dir='ltr'>deret,omnem</span> <span class='ocrx_word' id='word_1_66' title='bbox 522 1113 640 1174; x_wconf 84' lang='lat' dir='ltr'>operam</span> <span class='ocrx_word' id='word_1_67' title='bbox 663 1091 809 1168; x_wconf 88' lang='lat' dir='ltr'>navabat,</span> <span class='ocrx_word' id='word_1_68' title='bbox 830 1093 906 1156; x_wconf 89' lang='lat' dir='ltr'>nihil</span> <span class='ocrx_word' id='word_1_69' title='bbox 924 1093 1090 1167; x_wconf 86' lang='lat' dir='ltr'>omittens,</span> <span class='ocrx_word' id='word_1_70' title='bbox 1106 1090 1184 1172; x_wconf 88' lang='lat' dir='ltr'>quod</span> <span class='ocrx_word' id='word_1_71' title='bbox 1205 1090 1236 1152; x_wconf 88' lang='lat' dir='ltr'>ad</span> 
     </span>
     <span class='ocr_line' id='line_1_10' title="bbox 283 1170 1236 1269; baseline -0.001 -35"><span class='ocrx_word' id='word_1_72' title='bbox 283 1174 431 1253; x_wconf 88' lang='lat' dir='ltr'>optimum</span> <span class='ocrx_word' id='word_1_73' title='bbox 461 1173 669 1254; x_wconf 81' lang='lat' dir='ltr'>Imperatorem</span> <span class='ocrx_word' id='word_1_74' title='bbox 688 1174 847 1253; x_wconf 87' lang='lat' dir='ltr'>pertineret</span> <span class='ocrx_word' id='word_1_75' title='bbox 864 1216 886 1269; x_wconf 41' lang='lat' dir='ltr'>q</span> <span class='ocrx_word' id='word_1_76' title='bbox 902 1170 1104 1245; x_wconf 89' lang='lat' dir='ltr'>Consulendo,</span> <span class='ocrx_word' id='word_1_77' title='bbox 1125 1171 1236 1241; x_wconf 84' lang='lat' dir='ltr'>hortau-¹</span> 
     </span>
     <span class='ocr_line' id='line_1_11' title="bbox 281 1250 1234 1334; baseline -0.001 -21"><span class='ocrx_word' id='word_1_78' title='bbox 281 1251 343 1322; x_wconf 82' lang='lat' dir='ltr'>do,</span> <span class='ocrx_word' id='word_1_79' title='bbox 375 1251 532 1328; x_wconf 83' lang='lat' dir='ltr'>obeundo,</span> <span class='ocrx_word' id='word_1_80' title='bbox 561 1274 657 1327; x_wconf 89' lang='lat' dir='ltr'>voce,</span> <span class='ocrx_word' id='word_1_81' title='bbox 679 1273 769 1315; x_wconf 87' lang='lat' dir='ltr'>manu</span> <span class='ocrx_word' id='word_1_82' title='bbox 795 1251 855 1313; x_wconf 82' lang='lat' dir='ltr'>&#39;suis</span> <span class='ocrx_word' id='word_1_83' title='bbox 875 1252 981 1334; x_wconf 90' lang='lat' dir='ltr'>ubique</span> <span class='ocrx_word' id='word_1_84' title='bbox 1001 1250 1102 1331; x_wconf 76' lang='lat' dir='ltr'>prasio</span> <span class='ocrx_word' id='word_1_85' title='bbox 1123 1250 1234 1325; x_wconf 87' lang='lat' dir='ltr'>aderat,</span> 
     </span>
     <span class='ocr_line' id='line_1_12' title="bbox 272 1329 1233 1419; baseline -0.002 -28"><span class='ocrx_word' id='word_1_86' title='bbox 272 1330 481 1412; x_wconf 79' lang='lat' dir='ltr'>ingruentibus</span> <span class='ocrx_word' id='word_1_87' title='bbox 504 1348 602 1395; x_wconf 87' lang='lat' dir='ltr'>autem</span> <span class='ocrx_word' id='word_1_88' title='bbox 631 1332 724 1394; x_wconf 73' lang='lat' dir='ltr'>noslis</span> <span class='ocrx_word' id='word_1_89' title='bbox 752 1331 903 1402; x_wconf 86' lang='lat' dir='ltr'>tenebris.;</span> <span class='ocrx_word' id='word_1_90' title='bbox 930 1352 999 1393; x_wconf 87' lang='lat' dir='ltr'>nam</span> <span class='ocrx_word' id='word_1_91' title='bbox 1029 1329 1233 1419; x_wconf 83' lang='lat' dir='ltr'>dedita-opera</span> 
     </span>
     <span class='ocr_line' id='line_1_13' title="bbox 277 1409 1232 1493; baseline -0.003 -21"><span class='ocrx_word' id='word_1_92' title='bbox 277 1410 413 1475; x_wconf 85' lang='lat' dir='ltr'>Helvetii</span> <span class='ocrx_word' id='word_1_93' title='bbox 433 1409 483 1473; x_wconf 93' lang='lat' dir='ltr'>sub</span> <span class='ocrx_word' id='word_1_94' title='bbox 511 1412 659 1493; x_wconf 90' lang='lat' dir='ltr'>vesperum</span> <span class='ocrx_word' id='word_1_95' title='bbox 682 1412 812 1492; x_wconf 80' lang='lat' dir='ltr'>praelium</span> <span class='ocrx_word' id='word_1_96' title='bbox 834 1411 1026 1492; x_wconf 85' lang='lat' dir='ltr'>inceperant,</span> <span class='ocrx_word' id='word_1_97' title='bbox 1050 1431 1086 1469; x_wconf 91' lang='lat' dir='ltr'>ne</span> <span class='ocrx_word' id='word_1_98' title='bbox 1106 1410 1186 1470; x_wconf 86' lang='lat' dir='ltr'>Galli</span> <span class='ocrx_word' id='word_1_99' title='bbox 1206 1410 1232 1469; x_wconf 91' lang='lat' dir='ltr'>in</span> 
     </span>
     <span class='ocr_line' id='line_1_14' title="bbox 277 1491 1232 1574; baseline -0.003 -21"><span class='ocrx_word' id='word_1_100' title='bbox 277 1492 437 1571; x_wconf 87' lang='lat' dir='ltr'>equitatu,</span> <span class='ocrx_word' id='word_1_101' title='bbox 465 1508 484 1553; x_wconf 90' lang='lat' dir='ltr'>a</span> <span class='ocrx_word' id='word_1_102' title='bbox 511 1512 577 1574; x_wconf 75' lang='lat' dir='ltr'>quo,</span> <span class='ocrx_word' id='word_1_103' title='bbox 592 1492 703 1573; x_wconf 89' lang='lat' dir='ltr'>optime</span> <span class='ocrx_word' id='word_1_104' title='bbox 724 1491 826 1572; x_wconf 84' lang='lat' dir='ltr'>parati.</span> <span class='ocrx_word' id='word_1_105' title='bbox 838 1506 945 1565; x_wconf 87' lang='lat' dir='ltr'>etant,</span> <span class='ocrx_word' id='word_1_106' title='bbox 975 1505 1027 1551; x_wconf 87' lang='lat' dir='ltr'>aut</span> <span class='ocrx_word' id='word_1_107' title='bbox 1048 1509 1158 1568; x_wconf 90' lang='lat' dir='ltr'>opem,</span> <span class='ocrx_word' id='word_1_108' title='bbox 1187 1505 1232 1550; x_wconf 88' lang='lat' dir='ltr'>aut</span> 
     </span>
     <span class='ocr_line' id='line_1_15' title="bbox 279 1568 1228 1652; baseline -0.005 -21"><span class='ocrx_word' id='word_1_109' title='bbox 279 1570 357 1650; x_wconf 88' lang='lat' dir='ltr'>spem</span> <span class='ocrx_word' id='word_1_110' title='bbox 389 1571 480 1632; x_wconf 88' lang='lat' dir='ltr'>ullam</span> <span class='ocrx_word' id='word_1_111' title='bbox 510 1570 614 1633; x_wconf 90' lang='lat' dir='ltr'>babere</span> <span class='ocrx_word' id='word_1_112' title='bbox 635 1572 742 1652; x_wconf 93' lang='lat' dir='ltr'>possent</span> <span class='ocrx_word' id='word_1_113' title='bbox 769 1591 779 1643; x_wconf 84' lang='lat'>3</span> <span class='ocrx_word' id='word_1_114' title='bbox 807 1571 885 1652; x_wconf 87' lang='lat' dir='ltr'>quasi</span> <span class='ocrx_word' id='word_1_115' title='bbox 915 1570 1046 1650; x_wconf 82' lang='lat' dir='ltr'>praelium</span> <span class='ocrx_word' id='word_1_116' title='bbox 1075 1568 1228 1629; x_wconf 89' lang='lat' dir='ltr'>dirimitur.</span> 
     </span>
     <span class='ocr_line' id='line_1_16' title="bbox 277 1648 1227 1731; baseline -0.004 -20"><span class='ocrx_word' id='word_1_117' title='bbox 277 1651 359 1711; x_wconf 86' lang='lat' dir='ltr'>Nam</span> <span class='ocrx_word' id='word_1_118' title='bbox 382 1650 543 1713; x_wconf 84' lang='lat' dir='ltr'>etli·liosles</span> <span class='ocrx_word' id='word_1_119' title='bbox 564 1651 691 1715; x_wconf 70' lang='lat' dir='ltr'>lacessere</span> <span class='ocrx_word' id='word_1_120' title='bbox 712 1670 762 1731; x_wconf 88' lang='lat' dir='ltr'>per</span> <span class='ocrx_word' id='word_1_121' title='bbox 790 1651 904 1713; x_wconf 67' lang='lat' dir='ltr'>nossem</span> <span class='ocrx_word' id='word_1_122' title='bbox 928 1671 985 1711; x_wconf 93' lang='lat' dir='ltr'>non</span> <span class='ocrx_word' id='word_1_123' title='bbox 1006 1648 1126 1717; x_wconf 78' lang='lat' dir='ltr'>cessent3</span> <span class='ocrx_word' id='word_1_124' title='bbox 1151 1648 1227 1709; x_wconf 92' lang='lat' dir='ltr'>noslri</span> 
     </span>
     <span class='ocr_line' id='line_1_17' title="bbox 276 1726 1224 1811; baseline -0.004 -20"><span class='ocrx_word' id='word_1_125' title='bbox 276 1744 377 1791; x_wconf 83' lang='lat' dir='ltr'>tamen</span> <span class='ocrx_word' id='word_1_126' title='bbox 398 1731 466 1801; x_wconf 81' lang='lat' dir='ltr'>satis</span> <span class='ocrx_word' id='word_1_127' title='bbox 489 1729 613 1806; x_wconf 88' lang='lat' dir='ltr'>habent,</span> <span class='ocrx_word' id='word_1_128' title='bbox 635 1731 656 1790; x_wconf 87' lang='lat' dir='ltr'>si</span> <span class='ocrx_word' id='word_1_129' title='bbox 678 1730 867 1805; x_wconf 84' lang='lat' dir='ltr'>setueantur,</span> <span class='ocrx_word' id='word_1_130' title='bbox 890 1729 1016 1804; x_wconf 88' lang='lat' dir='ltr'>acillos,</span> <span class='ocrx_word' id='word_1_131' title='bbox 1035 1726 1116 1811; x_wconf 83' lang='lat' dir='ltr'>quasi</span> <span class='ocrx_word' id='word_1_132' title='bbox 1137 1747 1224 1789; x_wconf 89' lang='lat' dir='ltr'>eorun</span> 
     </span>
     <span class='ocr_line' id='line_1_18' title="bbox 274 1807 1227 1890; baseline -0.001 -21"><span class='ocrx_word' id='word_1_133' title='bbox 274 1807 351 1869; x_wconf 73' lang='lat' dir='ltr'>isius</span> <span class='ocrx_word' id='word_1_134' title='bbox 371 1825 485 1879; x_wconf 85' lang='lat' dir='ltr'>tanturn</span> <span class='ocrx_word' id='word_1_135' title='bbox 508 1810 570 1870; x_wconf 85' lang='lat' dir='ltr'>erici</span> <span class='ocrx_word' id='word_1_136' title='bbox 593 1810 704 1884; x_wconf 86' lang='lat' dir='ltr'>iendo,</span> <span class='ocrx_word' id='word_1_137' title='bbox 730 1809 914 1890; x_wconf 82' lang='lat' dir='ltr'>defatigent.</span> <span class='ocrx_word' id='word_1_138' title='bbox 946 1809 988 1871; x_wconf 88' lang='lat' dir='ltr'>Ut</span> <span class='ocrx_word' id='word_1_139' title='bbox 1019 1826 1088 1870; x_wconf 83' lang='lat' dir='ltr'>vero</span> <span class='ocrx_word' id='word_1_140' title='bbox 1110 1807 1227 1880; x_wconf 80' lang='lat' dir='ltr'>illuxit,-</span> 
     </span>
     <span class='ocr_line' id='line_1_19' title="bbox 274 1830 1221 1976; baseline -0.001 -28"><span class='ocrx_word' id='word_1_141' title='bbox 274 1906 370 1976; x_wconf 79' lang='lat' dir='ltr'>neque</span> <span class='ocrx_word' id='word_1_142' title='bbox 401 1888 493 1949; x_wconf 77' lang='lat' dir='ltr'>helles</span> <span class='ocrx_word' id='word_1_143' title='bbox 515 1830 677 1969; x_wconf 69' lang='lat' dir='ltr'>quisquam</span> <span class='ocrx_word' id='word_1_144' title='bbox 697 1908 802 1969; x_wconf 74' lang='lat' dir='ltr'>pugna</span> <span class='ocrx_word' id='word_1_145' title='bbox 823 1888 1014 1963; x_wconf 80' lang='lat' dir='ltr'>remisissent,</span> <span class='ocrx_word' id='word_1_146' title='bbox 1038 1886 1221 1968; x_wconf 82' lang='lat' dir='ltr'>instarentque</span> 
     </span>
    </p>
   </div>
   <div class='ocr_carea' id='block_1_2' title="bbox 273 1967 1225 2266">
    <p class='ocr_par' dir='ltr' id='par_1_2' title="bbox 273 1967 1225 2266">
     <span class='ocr_line' id='line_1_20' title="bbox 274 1967 1224 2047; baseline -0.001 -20"><span class='ocrx_word' id='word_1_147' title='bbox 274 1984 397 2047; x_wconf 83' lang='lat' dir='ltr'>magis,</span> <span class='ocrx_word' id='word_1_148' title='bbox 427 1982 462 2027; x_wconf 89' lang='lat' dir='ltr'>ut</span> <span class='ocrx_word' id='word_1_149' title='bbox 482 1987 543 2028; x_wconf 88' lang='lat' dir='ltr'>rem</span> <span class='ocrx_word' id='word_1_150' title='bbox 563 1967 769 2043; x_wconf 80' lang='lat' dir='ltr'>absolverent,</span> <span class='ocrx_word' id='word_1_151' title='bbox 801 1988 834 2031; x_wconf 87' lang='lat' dir='ltr'>ac</span> <span class='ocrx_word' id='word_1_152' title='bbox 854 1969 922 2039; x_wconf 87' lang='lat' dir='ltr'>iarn.</span> <span class='ocrx_word' id='word_1_153' title='bbox 942 1987 975 2031; x_wconf 91' lang='lat' dir='ltr'>ut</span> <span class='ocrx_word' id='word_1_154' title='bbox 997 1983 1048 2029; x_wconf 91' lang='lat' dir='ltr'>aut</span> <span class='ocrx_word' id='word_1_155' title='bbox 1069 1969 1224 2040; x_wconf 86' lang='lat' dir='ltr'>vincerent,</span> 
     </span>
     <span class='ocr_line' id='line_1_21' title="bbox 275 2045 1225 2130; baseline 0 -24"><span class='ocrx_word' id='word_1_156' title='bbox 275 2062 329 2123; x_wconf 77' lang='lat' dir='ltr'>aqt</span> <span class='ocrx_word' id='word_1_157' title='bbox 348 2045 558 2119; x_wconf 72' lang='lat' dir='ltr'>vincerentur,</span> <span class='ocrx_word' id='word_1_158' title='bbox 588 2064 653 2109; x_wconf 89' lang='lat' dir='ltr'>tuni</span> <span class='ocrx_word' id='word_1_159' title='bbox 678 2049 748 2113; x_wconf 79' lang='lat' dir='ltr'>,Reii</span> <span class='ocrx_word' id='word_1_160' title='bbox 770 2068 909 2130; x_wconf 85' lang='lat' dir='ltr'>magnam</span> <span class='ocrx_word' id='word_1_161' title='bbox 938 2050 1086 2128; x_wconf 85' lang='lat' dir='ltr'>equitatus</span> <span class='ocrx_word' id='word_1_162' title='bbox 1108 2064 1225 2126; x_wconf 79' lang='lat' dir='ltr'>partein,¹</span> 
     </span>
     <span class='ocr_line' id='line_1_22' title="bbox 273 2118 1221 2266; baseline 0.001 -80"><span class='ocrx_word' id='word_1_163' title='bbox 273 2144 339 2266; x_wconf 77' lang='lat' dir='ltr'>qua:</span> <span class='ocrx_word' id='word_1_164' title='bbox 360 2145 409 2206; x_wconf 89' lang='lat' dir='ltr'>per</span> <span class='ocrx_word' id='word_1_165' title='bbox 429 2118 543 2217; x_wconf 66' lang='lat' dir='ltr'>nossem</span> <span class='ocrx_word' id='word_1_166' title='bbox 565 2126 602 2188; x_wconf 88' lang='lat' dir='ltr'>ab</span> <span class='ocrx_word' id='word_1_167' title='bbox 622 2128 704 2207; x_wconf 59' lang='lat' dir='ltr'>omni}</span> <span class='ocrx_word' id='word_1_168' title='bbox 724 2149 823 2218; x_wconf 84' lang='lat' dir='ltr'>pugna</span> <span class='ocrx_word' id='word_1_169' title='bbox 844 2129 903 2203; x_wconf 57' lang='lat' dir='ltr'>sem¹</span> <span class='ocrx_word' id='word_1_170' title='bbox 919 2127 1110 2201; x_wconf 82' lang='lat' dir='ltr'>abstinuerat,</span> <span class='ocrx_word' id='word_1_171' title='bbox 1133 2127 1163 2186; x_wconf 89' lang='lat' dir='ltr'>in</span> <span class='ocrx_word' id='word_1_172' title='bbox 1183 2126 1221 2187; x_wconf 85' lang='lat' dir='ltr'>ho</span> 
     </span>
    </p>
   </div>
   <div class='ocr_carea' id='block_1_3' title="bbox 261 2204 1267 3889">
    <p class='ocr_par' dir='ltr' id='par_1_3' title="bbox 261 2204 1267 3802">
     <span class='ocr_line' id='line_1_23' title="bbox 300 2204 1223 2290; baseline 0.001 -26"><span class='ocrx_word' id='word_1_173' title='bbox 300 2224 329 2265; x_wconf 91' lang='lat' dir='ltr'>es</span> <span class='ocrx_word' id='word_1_174' title='bbox 352 2204 505 2268; x_wconf 87' lang='lat' dir='ltr'>immittit.</span> <span class='ocrx_word' id='word_1_175' title='bbox 534 2209 695 2271; x_wconf 88' lang='lat' dir='ltr'>Recentum</span> <span class='ocrx_word' id='word_1_176' title='bbox 718 2226 852 2290; x_wconf 85' lang='lat' dir='ltr'>equitum</span> <span class='ocrx_word' id='word_1_177' title='bbox 872 2207 976 2271; x_wconf 88' lang='lat' dir='ltr'>&#39;sortem</span> <span class='ocrx_word' id='word_1_178' title='bbox 1000 2209 1146 2288; x_wconf 87' lang='lat' dir='ltr'>impetum</span> <span class='ocrx_word' id='word_1_179' title='bbox 1167 2224 1223 2266; x_wconf 89' lang='lat' dir='ltr'>cun·</span> 
     </span>
     <span class='ocr_line' id='line_1_24' title="bbox 274 2281 1218 2368; baseline 0 -23"><span class='ocrx_word' id='word_1_180' title='bbox 274 2281 389 2361; x_wconf 87' lang='lat' dir='ltr'>defessi,</span> <span class='ocrx_word' id='word_1_181' title='bbox 405 2301 493 2367; x_wconf 87' lang='lat' dir='ltr'>atque</span> <span class='ocrx_word' id='word_1_182' title='bbox 507 2286 594 2349; x_wconf 87' lang='lat' dir='ltr'>saucii</span> <span class='ocrx_word' id='word_1_183' title='bbox 612 2288 738 2350; x_wconf 88' lang='lat' dir='ltr'>holliuii&#39;i</span> <span class='ocrx_word' id='word_1_184' title='bbox 754 2288 863 2368; x_wconf 84' lang='lat' dir='ltr'>pedites</span> <span class='ocrx_word' id='word_1_185' title='bbox 881 2288 1015 2349; x_wconf 86' lang='lat' dir='ltr'>sustinere</span> <span class='ocrx_word' id='word_1_186' title='bbox 1031 2307 1091 2347; x_wconf 94' lang='lat' dir='ltr'>non</span> <span class='ocrx_word' id='word_1_187' title='bbox 1108 2287 1218 2366; x_wconf 83' lang='lat' dir='ltr'>possem,</span> 
     </span>
     <span class='ocr_line' id='line_1_25' title="bbox 270 2361 1219 2449; baseline -0.001 -22"><span class='ocrx_word' id='word_1_188' title='bbox 270 2361 412 2446; x_wconf 88' lang='lat' dir='ltr'>insugam</span> <span class='ocrx_word' id='word_1_189' title='bbox 422 2365 449 2429; x_wconf 87' lang='lat' dir='ltr'>se</span> <span class='ocrx_word' id='word_1_190' title='bbox 464 2385 655 2442; x_wconf 87' lang='lat' dir='ltr'>convertunt,</span> <span class='ocrx_word' id='word_1_191' title='bbox 679 2382 761 2449; x_wconf 86' lang='lat' dir='ltr'>terga</span> <span class='ocrx_word' id='word_1_192' title='bbox 776 2368 862 2442; x_wconf 88' lang='lat' dir='ltr'>dant,</span> <span class='ocrx_word' id='word_1_193' title='bbox 886 2367 1004 2448; x_wconf 89' lang='lat' dir='ltr'>pedibus</span> <span class='ocrx_word' id='word_1_194' title='bbox 1021 2366 1144 2427; x_wconf 89' lang='lat' dir='ltr'>salntem</span> <span class='ocrx_word' id='word_1_195' title='bbox 1158 2384 1219 2448; x_wconf 83' lang='lat' dir='ltr'>qua·</span> 
     </span>
     <span class='ocr_line' id='line_1_26' title="bbox 272 2443 1218 2528; baseline -0.002 -22"><span class='ocrx_word' id='word_1_196' title='bbox 272 2460 356 2507; x_wconf 83' lang='lat' dir='ltr'>runt.</span> <span class='ocrx_word' id='word_1_197' title='bbox 378 2443 543 2528; x_wconf 87' lang='lat' dir='ltr'>Insequitur</span> <span class='ocrx_word' id='word_1_198' title='bbox 558 2447 748 2521; x_wconf 78' lang='lat' dir='ltr'>Rex,caedit,</span> <span class='ocrx_word' id='word_1_199' title='bbox 769 2448 907 2528; x_wconf 88' lang='lat' dir='ltr'>proterit,</span> <span class='ocrx_word' id='word_1_200' title='bbox 928 2447 1048 2526; x_wconf 86' lang='lat' dir='ltr'>stragem</span> <span class='ocrx_word' id='word_1_201' title='bbox 1068 2445 1147 2520; x_wconf 91' lang='lat' dir='ltr'>edit,</span> <span class='ocrx_word' id='word_1_202' title='bbox 1167 2445 1218 2506; x_wconf 88' lang='lat' dir='ltr'>vin·</span> 
     </span>
     <span class='ocr_line' id='line_1_27' title="bbox 272 2522 1267 2607; baseline -0.001 -21"><span class='ocrx_word' id='word_1_203' title='bbox 272 2523 333 2594; x_wconf 85' lang='lat' dir='ltr'>cit;</span> <span class='ocrx_word' id='word_1_204' title='bbox 355 2523 451 2584; x_wconf 79' lang='lat' dir='ltr'>viuor</span> <span class='ocrx_word' id='word_1_205' title='bbox 472 2525 537 2585; x_wconf 92' lang='lat' dir='ltr'>inde</span> <span class='ocrx_word' id='word_1_206' title='bbox 547 2527 623 2586; x_wconf 67' lang='lat' dir='ltr'>ressa</span> <span class='ocrx_word' id='word_1_207' title='bbox 645 2526 848 2589; x_wconf 86' lang='lat' dir='ltr'>Mediolanum</span> <span class='ocrx_word' id='word_1_208' title='bbox 858 2526 1064 2607; x_wconf 84' lang='lat' dir='ltr'>proficiscitur,</span> <span class='ocrx_word' id='word_1_209' title='bbox 1082 2545 1170 2607; x_wconf 88' lang='lat' dir='ltr'>eoque</span> <span class='ocrx_word' id='word_1_210' title='bbox 1187 2522 1219 2584; x_wconf 72' lang='lat' dir='ltr'>sa·</span> <span class='ocrx_word' id='word_1_211' title='bbox 1264 2566 1267 2603; x_wconf 62' lang='lat'>1</span> 
     </span>
     <span class='ocr_line' id='line_1_28' title="bbox 270 2601 1267 2688; baseline -0.002 -23"><span class='ocrx_word' id='word_1_212' title='bbox 270 2601 381 2665; x_wconf 81' lang='lat' dir='ltr'>cillime</span> <span class='ocrx_word' id='word_1_213' title='bbox 401 2604 529 2682; x_wconf 74' lang='lat' dir='ltr'>potitur.</span> <span class='ocrx_word' id='word_1_214' title='bbox 550 2609 700 2678; x_wconf 88' lang='lat' dir='ltr'>Quantam</span> <span class='ocrx_word' id='word_1_215' title='bbox 720 2625 781 2665; x_wconf 86' lang='lat' dir='ltr'>rem</span> <span class='ocrx_word' id='word_1_216' title='bbox 801 2651 809 2679; x_wconf 90' lang='lat'>,</span> <span class='ocrx_word' id='word_1_217' title='bbox 831 2608 992 2688; x_wconf 89' lang='lat' dir='ltr'>quantique</span> <span class='ocrx_word' id='word_1_218' title='bbox 1014 2605 1129 2686; x_wconf 87' lang='lat' dir='ltr'>negotii</span> <span class='ocrx_word' id='word_1_219' title='bbox 1148 2603 1215 2664; x_wconf 89' lang='lat' dir='ltr'>vobit</span> <span class='ocrx_word' id='word_1_220' title='bbox 1260 2624 1267 2687; x_wconf 55' lang='grc' dir='ltr'>ξ</span> 
     </span>
     <span class='ocr_line' id='line_1_29' title="bbox 271 2683 1265 2766; baseline 0.004 -26"><span class='ocrx_word' id='word_1_221' title='bbox 271 2701 329 2760; x_wconf 69' lang='lat' dir='ltr'>pgo</span> <span class='ocrx_word' id='word_1_222' title='bbox 345 2700 435 2761; x_wconf 89' lang='lat' dir='ltr'>quam</span> <span class='ocrx_word' id='word_1_223' title='bbox 443 2683 615 2761; x_wconf 84' lang='lat' dir='ltr'>paucissimis</span> <span class='ocrx_word' id='word_1_224' title='bbox 636 2683 866 2763; x_wconf 85' lang='lat' dir='ltr'>perstrinxerim,</span> <span class='ocrx_word' id='word_1_225' title='bbox 883 2688 1005 2747; x_wconf 88' lang='lat' dir='ltr'>videtis.</span> <span class='ocrx_word' id='word_1_226' title='bbox 1023 2685 1113 2766; x_wconf 86' lang='lat' dir='ltr'>Regis</span> <span class='ocrx_word' id='word_1_227' title='bbox 1121 2684 1214 2763; x_wconf 81' lang='lat' dir='ltr'>scilicet</span> <span class='ocrx_word' id='word_1_228' title='bbox 1262 2698 1265 2713; x_wconf 86' lang='lat'>·&#39;</span> 
     </span>
     <span class='ocr_line' id='line_1_30' title="bbox 270 2758 1265 2829; baseline -0.002 -6"><span class='ocrx_word' id='word_1_229' title='bbox 270 2758 447 2823; x_wconf 89' lang='lat' dir='ltr'>celeritatem</span> <span class='ocrx_word' id='word_1_230' title='bbox 474 2761 505 2821; x_wconf 89' lang='lat' dir='ltr'>in</span> <span class='ocrx_word' id='word_1_231' title='bbox 535 2782 569 2820; x_wconf 90' lang='lat' dir='ltr'>ea</span> <span class='ocrx_word' id='word_1_232' title='bbox 595 2761 778 2824; x_wconf 84' lang='lat' dir='ltr'>conficienda</span> <span class='ocrx_word' id='word_1_233' title='bbox 797 2784 862 2826; x_wconf 87' lang='lat' dir='ltr'>mea</span> <span class='ocrx_word' id='word_1_234' title='bbox 884 2766 1000 2827; x_wconf 87' lang='lat' dir='ltr'>imitata</span> <span class='ocrx_word' id='word_1_235' title='bbox 1020 2759 1066 2829; x_wconf 70' lang='lat' dir='ltr'>est&#39;</span> <span class='ocrx_word' id='word_1_236' title='bbox 1082 2763 1173 2826; x_wconf 90' lang='lat' dir='ltr'>oratio</span> <span class='ocrx_word' id='word_1_237' title='bbox 1188 2763 1212 2822; x_wconf 87' lang='lat' dir='ltr'>iii</span> <span class='ocrx_word' id='word_1_238' title='bbox 1262 2766 1265 2789; x_wconf 87' lang='lat'>·&#39;</span> 
     </span>
     <span class='ocr_line' id='line_1_31' title="bbox 264 2796 1267 2925; baseline 0.003 -25"><span class='ocrx_word' id='word_1_239' title='bbox 264 2839 365 2901; x_wconf 88' lang='lat' dir='ltr'>eadem</span> <span class='ocrx_word' id='word_1_240' title='bbox 386 2839 608 2919; x_wconf 71' lang='lat' dir='ltr'>pertrassanda5</span> <span class='ocrx_word' id='word_1_241' title='bbox 629 2862 663 2901; x_wconf 84' lang='lat' dir='ltr'>ex</span> <span class='ocrx_word' id='word_1_242' title='bbox 686 2862 745 2922; x_wconf 91' lang='lat' dir='ltr'>quo</span> <span class='ocrx_word' id='word_1_243' title='bbox 767 2841 844 2904; x_wconf 88' lang='lat' dir='ltr'>bello</span> <span class='ocrx_word' id='word_1_244' title='bbox 864 2843 984 2907; x_wconf 84' lang='lat' dir='ltr'>feliciter</span> <span class='ocrx_word' id='word_1_245' title='bbox 1004 2845 1083 2925; x_wconf 87' lang='lat' dir='ltr'>gello</span> <span class='ocrx_word' id='word_1_246' title='bbox 1105 2865 1162 2905; x_wconf 90' lang='lat' dir='ltr'>non</span> <span class='ocrx_word' id='word_1_247' title='bbox 1181 2841 1214 2902; x_wconf 89' lang='lat' dir='ltr'>so·</span> <span class='ocrx_word' id='word_1_248' title='bbox 1261 2796 1267 2911; x_wconf 80' lang='lat' dir='ltr'>l</span> 
     </span>
     <span class='ocr_line' id='line_1_32' title="bbox 266 2916 1265 3007; baseline -0.001 -24"><span class='ocrx_word' id='word_1_249' title='bbox 266 2918 329 2983; x_wconf 89' lang='lat' dir='ltr'>lum</span> <span class='ocrx_word' id='word_1_250' title='bbox 350 2921 434 2982; x_wconf 90' lang='lat' dir='ltr'>unius</span> <span class='ocrx_word' id='word_1_251' title='bbox 457 2916 583 2981; x_wconf 73' lang='lat' dir='ltr'>visloriae</span> <span class='ocrx_word' id='word_1_252' title='bbox 603 2921 728 3000; x_wconf 86' lang='lat' dir='ltr'>gloriam</span> <span class='ocrx_word' id='word_1_253' title='bbox 751 2923 814 2984; x_wconf 85' lang='lat' dir='ltr'>Rex</span> <span class='ocrx_word' id='word_1_254' title='bbox 834 2925 997 3007; x_wconf 84' lang='lat' dir='ltr'>assequutus</span> <span class='ocrx_word' id='word_1_255' title='bbox 1020 2925 1087 2995; x_wconf 83' lang='lat' dir='ltr'>est3</span> <span class='ocrx_word' id='word_1_256' title='bbox 1120 2922 1212 2983; x_wconf 87' lang='lat' dir='ltr'>multos</span> <span class='ocrx_word' id='word_1_257' title='bbox 1262 2962 1265 2975; x_wconf 54' lang='lat' dir='ltr'>i</span> 
     </span>
     <span class='ocr_line' id='line_1_33' title="bbox 266 3000 1212 3137; baseline 0.003 -77"><span class='ocrx_word' id='word_1_258' title='bbox 266 3019 393 3137; x_wconf 81' lang='lat' dir='ltr'>namque</span> <span class='ocrx_word' id='word_1_259' title='bbox 412 3000 443 3060; x_wconf 90' lang='lat' dir='ltr'>in</span> <span class='ocrx_word' id='word_1_260' title='bbox 464 3020 498 3060; x_wconf 93' lang='lat' dir='ltr'>eo</span> <span class='ocrx_word' id='word_1_261' title='bbox 520 3000 684 3080; x_wconf 91' lang='lat' dir='ltr'>triumphos</span> <span class='ocrx_word' id='word_1_262' title='bbox 713 3001 763 3062; x_wconf 88' lang='lat' dir='ltr'>fibi</span> <span class='ocrx_word' id='word_1_263' title='bbox 792 3003 940 3076; x_wconf 85' lang='lat' dir='ltr'>confecit;</span> <span class='ocrx_word' id='word_1_264' title='bbox 968 3025 1071 3065; x_wconf 91' lang='lat' dir='ltr'>verum</span> <span class='ocrx_word' id='word_1_265' title='bbox 1092 3002 1212 3065; x_wconf 77' lang='lat' dir='ltr'>omnibus</span> 
     </span>
     <span class='ocr_line' id='line_1_34' title="bbox 268 3078 1212 3169; baseline 0.001 -29"><span class='ocrx_word' id='word_1_266' title='bbox 268 3099 346 3169; x_wconf 85' lang='lat' dir='ltr'>popu</span> <span class='ocrx_word' id='word_1_267' title='bbox 360 3080 401 3152; x_wconf 90' lang='lat' dir='ltr'>is,</span> <span class='ocrx_word' id='word_1_268' title='bbox 422 3078 620 3158; x_wconf 86' lang='lat' dir='ltr'>Principibus,</span> <span class='ocrx_word' id='word_1_269' title='bbox 640 3101 673 3142; x_wconf 86' lang='lat' dir='ltr'>ac</span> <span class='ocrx_word' id='word_1_270' title='bbox 693 3080 910 3162; x_wconf 88' lang='lat' dir='ltr'>Rebuspublicis</span> <span class='ocrx_word' id='word_1_271' title='bbox 934 3086 952 3144; x_wconf 88' lang='lat' dir='ltr'>si</span> <span class='ocrx_word' id='word_1_272' title='bbox 976 3085 1079 3146; x_wconf 89' lang='lat' dir='ltr'>timore</span> <span class='ocrx_word' id='word_1_273' title='bbox 1101 3104 1160 3145; x_wconf 93' lang='lat' dir='ltr'>non</span> <span class='ocrx_word' id='word_1_274' title='bbox 1178 3083 1212 3142; x_wconf 89' lang='lat' dir='ltr'>iii·</span> 
     </span>
     <span class='ocr_line' id='line_1_35' title="bbox 265 3160 1218 3244; baseline 0 -23"><span class='ocrx_word' id='word_1_275' title='bbox 265 3175 332 3230; x_wconf 77' lang='lat' dir='ltr'>iecit</span> <span class='ocrx_word' id='word_1_276' title='bbox 354 3178 504 3239; x_wconf 86' lang='lat' dir='ltr'>magnum,</span> <span class='ocrx_word' id='word_1_277' title='bbox 525 3176 600 3221; x_wconf 88' lang='lat' dir='ltr'>certe</span> <span class='ocrx_word' id='word_1_278' title='bbox 620 3160 738 3229; x_wconf 80' lang='lat' dir='ltr'>virtutis</span> <span class='ocrx_word' id='word_1_279' title='bbox 763 3161 817 3223; x_wconf 79' lang='lat' dir='ltr'>suat</span> <span class='ocrx_word' id='word_1_280' title='bbox 839 3165 1000 3225; x_wconf 87' lang='lat' dir='ltr'>maximum</span> <span class='ocrx_word' id='word_1_281' title='bbox 1017 3163 1218 3244; x_wconf 85' lang='lat' dir='ltr'>specimen‚at·</span> 
     </span>
     <span class='ocr_line' id='line_1_36' title="bbox 265 3238 1211 3325; baseline 0.002 -26"><span class='ocrx_word' id='word_1_282' title='bbox 265 3238 463 3311; x_wconf 84' lang='lat' dir='ltr'>testimonium</span> <span class='ocrx_word' id='word_1_283' title='bbox 494 3238 597 3315; x_wconf 90' lang='lat' dir='ltr'>dedit,</span> <span class='ocrx_word' id='word_1_284' title='bbox 626 3239 653 3300; x_wconf 88' lang='lat' dir='ltr'>se</span> <span class='ocrx_word' id='word_1_285' title='bbox 671 3240 778 3301; x_wconf 90' lang='lat' dir='ltr'>scilicet</span> <span class='ocrx_word' id='word_1_286' title='bbox 801 3263 867 3303; x_wconf 89' lang='lat' dir='ltr'>euin</span> <span class='ocrx_word' id='word_1_287' title='bbox 885 3242 945 3306; x_wconf 90' lang='lat' dir='ltr'>sore</span> <span class='ocrx_word' id='word_1_288' title='bbox 972 3288 981 3318; x_wconf 90' lang='lat'>,</span> <span class='ocrx_word' id='word_1_289' title='bbox 1011 3263 1101 3325; x_wconf 88' lang='lat' dir='ltr'>quem</span> <span class='ocrx_word' id='word_1_290' title='bbox 1124 3259 1211 3304; x_wconf 82' lang='lat' dir='ltr'>omnes</span> 
     </span>
     <span class='ocr_line' id='line_1_37' title="bbox 265 3317 1211 3408; baseline -0.001 -27"><span class='ocrx_word' id='word_1_291' title='bbox 265 3317 413 3397; x_wconf 89' lang='lat' dir='ltr'>Principes</span> <span class='ocrx_word' id='word_1_292' title='bbox 434 3317 483 3379; x_wconf 92' lang='lat' dir='ltr'>sibi</span> <span class='ocrx_word' id='word_1_293' title='bbox 506 3319 599 3408; x_wconf 77' lang='lat' dir='ltr'>magis</span> <span class='ocrx_word' id='word_1_294' title='bbox 620 3319 756 3381; x_wconf 89' lang='lat' dir='ltr'>omnibus</span> <span class='ocrx_word' id='word_1_295' title='bbox 776 3321 934 3384; x_wconf 80' lang='lat' dir='ltr'>atslissimae</span> <span class='ocrx_word' id='word_1_296' title='bbox 951 3321 1158 3384; x_wconf 78' lang='lat' dir='ltr'>benevolentia</span> <span class='ocrx_word' id='word_1_297' title='bbox 1172 3340 1211 3381; x_wconf 87' lang='lat' dir='ltr'>ne·</span> 
     </span>
     <span class='ocr_line' id='line_1_38' title="bbox 264 3395 1216 3491; baseline 0.007 -36"><span class='ocrx_word' id='word_1_298' title='bbox 264 3395 478 3461; x_wconf 85' lang='lat' dir='ltr'>celsitudinibus</span> <span class='ocrx_word' id='word_1_299' title='bbox 507 3415 744 3479; x_wconf 78' lang='lat' dir='ltr'>coniungerent,</span> <span class='ocrx_word' id='word_1_300' title='bbox 783 3421 872 3491; x_wconf 89' lang='lat' dir='ltr'>quam</span> <span class='ocrx_word' id='word_1_301' title='bbox 901 3403 937 3464; x_wconf 91' lang='lat' dir='ltr'>ad</span> <span class='ocrx_word' id='word_1_302' title='bbox 967 3401 1059 3463; x_wconf 86' lang='lat' dir='ltr'>ullam</span> <span class='ocrx_word' id='word_1_303' title='bbox 1088 3400 1216 3462; x_wconf 74' lang='lat' dir='ltr'>amicitia-</span> 
     </span>
     <span class='ocr_line' id='line_1_39' title="bbox 265 3475 1212 3561; baseline 0.001 -23"><span class='ocrx_word' id='word_1_304' title='bbox 265 3476 386 3538; x_wconf 89' lang='lat' dir='ltr'>caussam</span> <span class='ocrx_word' id='word_1_305' title='bbox 408 3475 585 3538; x_wconf 88' lang='lat' dir='ltr'>lacesserent.</span> <span class='ocrx_word' id='word_1_306' title='bbox 604 3478 639 3538; x_wconf 93' lang='lat' dir='ltr'>ld</span> <span class='ocrx_word' id='word_1_307' title='bbox 660 3479 737 3560; x_wconf 90' lang='lat' dir='ltr'>quod</span> <span class='ocrx_word' id='word_1_308' title='bbox 759 3495 847 3540; x_wconf 89' lang='lat' dir='ltr'>etrani</span> <span class='ocrx_word' id='word_1_309' title='bbox 868 3481 978 3545; x_wconf 75' lang='lat' dir='ltr'>fanum</span> <span class='ocrx_word' id='word_1_310' title='bbox 1000 3481 1062 3543; x_wconf 86' lang='lat' dir='ltr'>est.</span> <span class='ocrx_word' id='word_1_311' title='bbox 1084 3482 1212 3561; x_wconf 88' lang='lat' dir='ltr'>Undique</span> 
     </span>
     <span class='ocr_line' id='line_1_40' title="bbox 263 3553 1266 3643; baseline 0.003 -26"><span class='ocrx_word' id='word_1_312' title='bbox 263 3574 389 3642; x_wconf 83' lang='lat' dir='ltr'>namque</span> <span class='ocrx_word' id='word_1_313' title='bbox 410 3553 655 3643; x_wconf 71' lang='lat' dir='ltr'>srequentiffimae,</span> <span class='ocrx_word' id='word_1_314' title='bbox 676 3579 709 3619; x_wconf 86' lang='lat' dir='ltr'>ac</span> <span class='ocrx_word' id='word_1_315' title='bbox 729 3558 909 3622; x_wconf 75' lang='lat' dir='ltr'>nobilissima</span> <span class='ocrx_word' id='word_1_316' title='bbox 931 3561 1105 3643; x_wconf 85' lang='lat' dir='ltr'>Legationes</span> <span class='ocrx_word' id='word_1_317' title='bbox 1123 3559 1211 3622; x_wconf 82' lang='lat' dir='ltr'>illivi-</span> <span class='ocrx_word' id='word_1_318' title='bbox 1265 3616 1266 3633; x_wconf 61' lang='lat'>,</span> 
     </span>
     <span class='ocr_line' id='line_1_41' title="bbox 264 3632 1266 3723; baseline 0.013 -31"><span class='ocrx_word' id='word_1_319' title='bbox 264 3633 387 3707; x_wconf 64' lang='lat' dir='ltr'>{soriam</span> <span class='ocrx_word' id='word_1_320' title='bbox 409 3632 489 3722; x_wconf 77' lang='lat' dir='ltr'>illam</span> <span class='ocrx_word' id='word_1_321' title='bbox 510 3637 689 3716; x_wconf 85' lang='lat' dir='ltr'>gratulatum</span> <span class='ocrx_word' id='word_1_322' title='bbox 711 3658 880 3716; x_wconf 88' lang='lat' dir='ltr'>accurrere,</span> <span class='ocrx_word' id='word_1_323' title='bbox 902 3662 973 3723; x_wconf 89' lang='lat' dir='ltr'>quas</span> <span class='ocrx_word' id='word_1_324' title='bbox 995 3641 1044 3702; x_wconf 94' lang='lat' dir='ltr'>ille</span> <span class='ocrx_word' id='word_1_325' title='bbox 1065 3658 1166 3703; x_wconf 88' lang='lat' dir='ltr'>contra</span> <span class='ocrx_word' id='word_1_326' title='bbox 1184 3659 1211 3700; x_wconf 88' lang='lat' dir='ltr'>o·</span> <span class='ocrx_word' id='word_1_327' title='bbox 1264 3636 1266 3705; x_wconf 65' lang='lat' dir='ltr'>J</span> 
     </span>
     <span class='ocr_line' id='line_1_42' title="bbox 261 3711 1266 3802; baseline 0.008 -27"><span class='ocrx_word' id='word_1_328' title='bbox 261 3731 344 3775; x_wconf 83' lang='lat' dir='ltr'>mnes</span> <span class='ocrx_word' id='word_1_329' title='bbox 361 3711 542 3791; x_wconf 83' lang='lat' dir='ltr'>amiciffime‚</span> <span class='ocrx_word' id='word_1_330' title='bbox 563 3732 651 3796; x_wconf 89' lang='lat' dir='ltr'>atque</span> <span class='ocrx_word' id='word_1_331' title='bbox 672 3717 764 3797; x_wconf 85' lang='lat' dir='ltr'>Regie</span> <span class='ocrx_word' id='word_1_332' title='bbox 784 3723 911 3799; x_wconf 88' lang='lat' dir='ltr'>accepit,</span> <span class='ocrx_word' id='word_1_333' title='bbox 933 3738 1021 3802; x_wconf 91' lang='lat' dir='ltr'>atque</span> <span class='ocrx_word' id='word_1_334' title='bbox 1043 3721 1193 3782; x_wconf 73' lang='lat' dir='ltr'>tranavit.</span> <span class='ocrx_word' id='word_1_335' title='bbox 1264 3712 1266 3783; x_wconf 73' lang='lat' dir='ltr'>l</span> 
     </span>
    </p>

    <p class='ocr_par' dir='ltr' id='par_1_4' title="bbox 300 3786 1266 3889">
     <span class='ocr_line' id='line_1_43' title="bbox 300 3786 1266 3889; baseline 0.006 -34"><span class='ocrx_word' id='word_1_336' title='bbox 300 3790 377 3855; x_wconf 86' lang='lat' dir='ltr'>Cum</span> <span class='ocrx_word' id='word_1_337' title='bbox 405 3808 503 3857; x_wconf 89' lang='lat' dir='ltr'>autem</span> <span class='ocrx_word' id='word_1_338' title='bbox 531 3793 567 3858; x_wconf 86' lang='lat' dir='ltr'>ab</span> <span class='ocrx_word' id='word_1_339' title='bbox 597 3797 652 3858; x_wconf 92' lang='lat' dir='ltr'>hoc</span> <span class='ocrx_word' id='word_1_340' title='bbox 686 3796 821 3877; x_wconf 77' lang='lat' dir='ltr'>preclaro</span> <span class='ocrx_word' id='word_1_341' title='bbox 853 3799 928 3862; x_wconf 81' lang='lat' dir='ltr'>saclo</span> <span class='ocrx_word' id='word_1_342' title='bbox 948 3799 961 3881; x_wconf 90' lang='lat'>[</span> <span class='ocrx_word' id='word_1_343' title='bbox 981 3821 1018 3862; x_wconf 90' lang='lat' dir='ltr'>ne</span> <span class='ocrx_word' id='word_1_344' title='bbox 1045 3815 1209 3889; x_wconf 80' lang='lat' dir='ltr'>perpetuam</span> <span class='ocrx_word' id='word_1_345' title='bbox 1264 3786 1266 3847; x_wconf 82' lang='lat' dir='ltr'>l</span> 
     </span>
    </p>
   </div>
   <div class='ocr_carea' id='block_1_4' title="bbox 154 3854 1264 4163">
    <p class='ocr_par' dir='ltr' id='par_1_5' title="bbox 154 3854 1266 4163">
     <span class='ocr_line' id='line_1_44' title="bbox 154 3854 1264 4163; baseline 0.013 -105"><span class='ocrx_word' id='word_1_346' title='bbox 154 3854 272 4058; x_wconf 58' lang='lat' dir='ltr'>a</span> <span class='ocrx_word' id='word_1_347' title='bbox 1261 4154 1264 4163; x_wconf 9' lang='grc' dir='ltr'>Ι</span> 
     </span>
    </p>
   </div>
   <div class='ocr_carea' id='block_1_5' title="bbox 0 0 1504 4559">
    <p class='ocr_par' dir='ltr' id='par_1_6' title="bbox 0 0 1504 4559">
     <span class='ocr_line' id='line_1_45' title="bbox 0 0 1504 4559; baseline 0 8"><span class='ocrx_word' id='word_1_348' title='bbox 0 0 1504 4559; x_wconf 95' lang='lat' dir='ltr'> </span> 
     </span>
    </p>
   </div>
  </div>
 </body>
</html>
