3000 4559
360 453 560 525 naiinsio
582 450 754 521 conlita
776 459 886 520 cnse.
907 460 1098 521 tatinum,
1141 461 1198 539 167

269 557 333 604 tuas
349 545 477 605 notiores
494 543 552 604 esse
568 541 717 615 voluisse,
736 540 789 621 qui
806 539 892 620 plane
913 539 1005 613 scias,
1026 540 1173 602 neminem
1193 541 1235 602 es-

268 622 342 682 sein
357 639 419 683 tain
444 622 576 684 uniuerso
593 619 726 702 populo,
748 620 800 701 qui
818 630 847 680 te
871 619 1043 759 jampridem
1062 624 1121 680 noti
1138 621 1232 684 solum

267 704 380 783 optime
399 714 457 764 tion
474 703 612 776 nouerit,
633 700 679 760 seii
692 701 786 773 ¹etiatti
803 699 873 760 odio
894 721 930 762 ve
960 699 1091 761 inaximo
1107 719 1166 760 non
1185 703 1236 764 ha-

266 780 356 857 lteat,
378 789 517 864 tuamque
535 781 608 842 serie
627 776 712 860 polilt
729 779 930 842 insolentiam.
952 778 1120 842 sinautem
1144 779 1235 863 [quae

267 862 375 924 tuaest
402 882 468 922 cum
492 861 605 923 summa
628 858 777 935 stultitia,
799 875 862 920 tuin
889 860 977 922 etiam
1004 858 1128 922 ambitio
1144 880 1236 941 quain

268 940 425 1021 maxima]
449 940 525 1004 sorte
549 939 686 1022 sperasti,
709 939 729 999 st
754 950 868 1001 mecum
888 939 971 1003 ausus
994 940 1065 1001 esses
1081 941 1237 1001 contende-

268 1030 323 1097 ie',
345 1038 377 1083 te
393 1021 505 1103 aliquid
530 1020 652 1083 omnino
669 1020 726 1081 esse
743 1019 835 1083 videri
856 1019 964 1100 posse,
987 1040 1020 1081 ac
1038 1020 1155 1081 inanem
1172 1020 1237 1103 glo-

268 1102 374 1164 riolam
393 1144 403 1175 ,
424 1113 514 1183 quain
531 1102 615 1162 avide
631 1099 855 1162 circumsesiaris
871 1143 880 1173 ,
899 1098 956 1162 lioe
980 1096 1095 1174 modo,
1119 1115 1153 1161 ut
1169 1122 1239 1162 coti-

270 1181 427 1271 sequereris
446 1226 455 1255 ,
476 1181 559 1243 saeile
577 1179 629 1242 tibi
646 1179 828 1261 persuasisti,
848 1180 955 1242 liorem
971 1197 1131 1263 utrumque
1147 1200 1239 1263 quain

269 1259 395 1323 seltciter
413 1259 470 1322 tibi
488 1261 660 1334 successerit,
681 1270 759 1322 nune
775 1260 894 1322 senties.
915 1261 1047 1323 Tametsi
1063 1260 1175 1331 multa,
1197 1277 1242 1324 at-

270 1358 328 1425 que
348 1341 481 1482 inperitia
502 1357 554 1403 tua
574 1342 697 1402 crimina
718 1343 748 1401 in
771 1341 826 1402 liac
848 1360 913 1401 mea
932 1338 1092 1409 deseafione
1113 1341 1187 1400 mihi
1209 1362 1243 1402 o·

269 1421 377 1482 mitten
397 1421 498 1484 asunt
508 1444 517 1493 3
537 1440 592 1496 ne,
616 1420 636 1480 si
653 1434 735 1482 tuaiii
752 1420 894 1482 insaniam
909 1421 1058 1502 ape‘ttius,
1075 1440 1126 1494 ac,
1148 1438 1242 1502 quati-

269 1508 335 1563 tuin
356 1501 480 1581 possein,
502 1501 664 1574 consecter,
686 1508 782 1562 tecum
804 1499 929 1562 insanire
948 1499 1049 1561 videar
1066 1519 1075 1570 3
1095 1511 1147 1560 aut
1167 1518 1244 1590 quoe

270 1580 389 1655 nolim,
420 1600 456 1642 ne
478 1582 510 1641 ln
531 1579 724 1672 suspicionem
746 1582 864 1663 quidem
895 1578 1061 1642 adducam.
1089 1578 1244 1641 Continuo

270 1660 350 1722 enini
372 1661 429 1741 ipse
452 1660 521 1732 scis,
542 1681 590 1726 cui
610 1668 692 1723 tuam
716 1658 800 1724 illam
822 1659 983 1740 Epistulam
1001 1704 1011 1736 ,
1031 1674 1120 1743 quarn
1142 1660 1173 1720 iii
1195 1670 1244 1722 me

270 1748 338 1802 cuin
360 1739 627 1822 elegantissimam,
659 1748 723 1802 t'utn
753 1743 843 1804 etiam
873 1738 1099 1803 honestissimam
1127 1737 1244 1815 scribis,-

271 1830 331 1911 ttoti
353 1818 448 1910 solum
470 1821 623 1902 legendam
645 1821 774 1897 mise-iis,
794 1821 843 1882 sed
863 1822 971 1893 etiarn,
993 1821 1081 1902 siper
1097 1819 1243 1959 Gpplium

271 1899 326 1960 tibi
349 1899 493 1976 hculslet,
514 1920 575 1964 etas
590 1900 803 1982 inscripturus.
825 1901 876 1962 Dii
894 1900 993 1975 boni,
1014 1920 1065 1962 cur
1085 1901 1125 1960 mi
1150 1920 1159 1959 i
1181 1918 1244 1960 nori

272 1978 342 2041 licet
365 1981 442 2041 hunc
464 1981 588 2055 locum,
618 1996 651 2042 ut
674 1996 726 2061 par
745 1982 838 2055 esset,
869 1981 926 2042 suis
956 1979 1090 2042 omnibus
1112 1977 1244 2061 partibus

271 2060 464 2140 petttasiare,
488 2076 576 2141 atque
593 2046 713 2121 ornatei
737 2061 837 2119 Nimis
855 2059 1041 2140 enim,quod
1062 2059 1145 2131 dico,
1167 2057 1244 2118 exile

270 2138 328 2211 est,
350 2141 439 2200 uitii-is
462 2158 584 2220 parum,
606 2139 695 2198 nimis
717 2139 817 2197 nihil.
847 2139 947 2198 Sentio
971 2137 1096 2209 otnriia,
1117 2134 1247 2195 Praefeoi

270 2217 369 2290 vill,
400 2218 447 2280 sed
479 2218 598 2279 alterius
628 2217 703 2277 ratlo
735 2216 790 2278 hoc
819 2217 895 2275 tullii
916 2216 981 2277 loco
1003 2213 1167 2274 adhibenda
1188 2213 1246 2287 est,

271 2306 335 2362 tion
357 2295 513 2361 stultissimi
534 2296 614 2356 illius
637 2294 750 2354 insania
772 2293 917 2353 reticenda
935 2315 943 2362 3
973 2292 1077 2375 qtiibtts
1102 2306 1200 2351 tamen
1220 2292 1246 2352 i·

268 2376 347 2440 sium
368 2376 474 2437 tesiius
496 2377 623 2454 polium,
666 2374 774 2434 taviter
794 2386 925 2433 excutere
946 2371 1080 2452 placuit.
1101 2369 1247 2446 Quando,

267 2457 390 2537 sllpes,
417 2453 557 2529 videbis,
586 2392 664 2536 quii
682 2466 711 2513 te
733 2453 858 2526 deceat,
889 2464 940 2513 aut
960 2453 1079 2535 quicum
1100 2469 1196 2543 agas,
1224 2448 1246 2515 li

268 2552 342 2597 tum
364 2553 424 2595 non
445 2532 570 2608 vidilli,
599 2552 666 2595 cuin
696 2534 756 2603 eius
786 2531 899 2614 generis
921 2532 1021 2594 literas
1042 2547 1107 2594 tuas
1130 2548 1160 2591 m
1183 2529 1247 2591 san·

271 2606 413 2676 &lisimas
434 2632 537 2675 manus
560 2612 614 2705 [¹¹5
631 2612 684 2675 ribi
704 2628 784 2675 tuam
803 2611 963 2675 barbariem
975 2608 1248 2768 condonemQtam

271 2692 443 2768 ambitiose,
459 2711 581 2776 tamque
596 2714 638 2754 im
661 2692 798 2756 audenter
848 2694 962 2754 evenire
978 2689 1126 2754 studebas?
1178 2709 1249 2753 uati·

271 2774 311 2836 tio
332 2793 403 2836 vero
424 2773 513 2855 sapies
535 2773 627 2856 aliqui
656 2774 724 2850 ,s1,
742 2713 1084 2856 quofbagitiosisltmum
1106 2787 1184 2841 crat,
1206 2787 1250 2833 te·

272 2873 341 2917 eutii
363 2853 439 2934 apud
459 2855 592 2914 animum
613 2864 697 2915 tumn
719 2853 865 2915 decrevisti
893 2854 977 2914 itiam
1003 2852 1093 2933 ipsam
1118 2850 1247 2913 lutulen-

273 2931 413 2996 tillimam
433 2932 595 3014 Epistolaiu
619 2949 701 2995 tuam
723 2933 749 2994 ei
770 2931 946 3007 inscribere,
966 2934 1046 3002 cujus
1068 2932 1159 2993 etlam
1181 2950 1246 3008 pro·

274 3012 398 3075 bitatent
429 3026 481 3075 tua
510 3013 563 3075 itta
591 3014 682 3074 tacita
708 3012 889 3092 cogitatione
932 3012 1070 3073 lurimum
1100 3008 1245 3071 violasti?

276 3095 377 3156 Grave
397 3092 516 3175 quidem
537 3093 576 3154 esi
593 3089 749 3152 callislimis
765 3091 882 3152 auribus
901 3031 1062 3170 {piliolum
1079 3087 1243 3160 barbatam,

277 3172 516 3254 impudicamque
537 3170 689 3251 legendam
705 3170 847 3240 mittere;
868 3167 1035 3238 hujusmodi
1052 3168 1131 3230 enini
1149 3167 1248 3227 leslio-

274 3258 328 3314 ties
349 3252 479 3333 optimos
500 3253 614 3313 animos
635 3247 803 3391 gpavillime
824 3245 999 3318 offendunt3
1019 3247 1066 3310 sed
1089 3245 1248 3328 flagitiossi-

275 3344 364 3394 iuuin
384 3332 423 3394 est
444 3332 490 3392 illi
511 3350 576 3392 eam
598 3349 647 3411 pei
680 3340 721 3390 tiae
743 3328 919 3404 inscribere,
940 3329 996 3390 hoc
1018 3327 1080 3402 est,
1102 3327 1179 3389 unde
1198 3345 1250 3388 ca·

276 3413 334 3475 teti
354 3411 451 3494 postea
470 3408 553 3472 illam
574 3411 730 3491 legerent,
758 3428 823 3491 quta
850 3428 940 3492 quain
961 3408 1082 3490 optimis
1103 3404 1248 3482 moribus,

276 3496 342 3554 tam
363 3492 453 3554 etiam
475 3489 652 3571 politissimis
674 3489 764 3552 literis
786 3489 820 3551 fit
840 3488 973 3569 piaedita.
995 3489 1045 3550 Tu
1061 3504 1130 3550 veto
1147 3498 1249 3548 tamea

276 3571 322 3634 ita
343 3570 524 3648 ambitione,
545 3570 722 3633 anementia
743 3567 863 3650 potius?
886 3566 1036 3641 serebatis,
1059 3585 1092 3630 ut
1101 3567 1189 3629 modo
1209 3567 1251 3636 ia·

277 3651 400 3728 stares,
422 3667 451 3714 te
471 3651 632 3732 Epistolam
657 3666 738 3712 tuam
760 3648 849 3709 alicui
870 3647 997 3730 Principi
1018 3648 1169 3739 legendam
1193 3646 1249 3707 mi⁴

277 3730 357 3808 lille,
377 3747 428 3793 aut
451 3732 546 3812 magis
567 3730 754 3810 inscripsiile,
774 3728 876 3790 omnia
895 3746 999 3811 aequa,
1022 3728 1140 3810 iniqua,
1162 3728 1250 3806 hotie·

279 3814 342 3889 ita,
361 3810 578 3897 prolimlaeta,
599 3806 884 3950 milliacommipete
893 3826 950 3871 non
959 3807 1122 3872 dubitares.
1144 3808 1250 3885 Neque

325 3908 347 3931 ··
881 3910 903 3967 4
1142 3902 1213 3946 vero
