3000 4559
340 491 751 765 11111111
816 551 1310 762 nouom

357 1048 362 1057 '
393 1064 398 1073 ·
427 1033 609 1099 Bravaaellii
626 1033 754 1094 'Familia
773 1027 988 1092 inter-Hebrum
1007 1027 1157 1091 nobilis'.²
1217 1034 1219 1039 '
1254 1047 1304 1103 140

442 1112 485 1181 Ab
515 1112 715 1183 Abraoanellio
737 1111 858 1172 ¹Hebraeo
882 1111 1002 1173 Herculi
1028 1109 1159 1171 Ferraria
1180 1106 1306 1186 ..Principi

382 1191 476 1254 nulla'
486 1190 601 1269 'insidia'
613 1215 699 1277 neque
715 1190 972 1279 'debuerunmncque
979 1197 1130 1279 potuerant
1142 1184 1225 1263 sieri.
1247 1203 1307 1265 123.

356 1291 362 1301 ·
386 1287 450 1351 124
471 1271 534 1335 &u
741 1308 745 1321 ·
812 1302 814 1307 ·
917 1298 919 1305 ·
1016 1293 1027 1302 ··
1295 1288 1304 1304 ··

343 1349 619 1415 Pro-..bravanellio
640 1351 750 1415 Hebraeo
772 1356 884 1415 Oratio.
1045 1380 1056 1393 ··
1257 1360 1309 1406 121'

343 1431 398 1493 Pro
419 1432 623 1495 cibravanellio
644 1434 757 1496 Hebraeo
779 1433 919 1499 Orationis
939 1432 1094 1513 inscriptio.
1258 1423 1309 1486 118

343 1509 552 1588 Absolutionem
574 1515 693 1575 Milonis
713 1513 890 1595 asudicibus
910 1514 1077 1596 deposcentis
1097 1507 1186 1572 verba
1200 1506 1304 1568 Patria.

389 1597 438 1654 26.
462 1614 508 1654 2.

343 1673 421 1735 Tam
450 1615 628 1754 abslrusum‚
658 1693 772 1767 tamque
794 1673 983 1753 absconditum
1013 1669 1088 1732 nibil
1115 1669 1155 1747 esi
1178 1667 1218 1728 ad
1237 1665 1304 1727 invt-

383 1752 533 1843 niendum,
554 1776 592 1834 qu
605 1775 641 1830 n,
661 1753 842 1837 fideligenter
864 1772 1016 1833 queratur,
1037 1751 1152 1812 tandem
1173 1749 1252 1814 etiam
1268 1745 1301 1803 ir·

382 1850 526 1890 vomatur.
746 1857 754 1863 ·
1284 1841 1296 1901 3

342 1909 422 1974 Accii
438 1912 527 1969 Poeta
546 1911 714 1975 carminibus
736 1913 915 1992 Templorum
936 1956 946 1987 ,
978 1933 1012 1974 ac
1031 1926 1258 1971 monumentorum
1275 1924 1300 1960 o·

382 1990 460 2050 ditus
482 1992 620 2068 exornati,
641 2010 725 2072 atque
745 1992 861 2072 depicti.
1269 2003 1299 2060 40

344 2069 378 2131 ln
398 2069 569 2148 accusatione
590 2072 672 2132 cadis
693 2094 746 2132 non
761 2073 855 2149 solum
877 2071 1008 2145 ficades
1023 2069 1103 2151 salla
1117 2067 1183 2145 sit,
1206 2065 1301 2147 sedet·

383 2151 440 2209 iam
462 2152 512 2230 qui
545 2153 623 2213 scarii
641 2153 752 2212 animus
768 2153 875 2230 suerit,
896 2153 1055 2232 judicatur.
1269 2159 1323 2220 47.

342 2228 490 2307 Accusator
536 2232 629 2293 udicis
649 2232 773 2292 animum
802 2232 966 2310 in.1‘udiciis
993 2232 1025 2292 in
1039 2231 1125 2308 suam
1153 2224 1302 2309 seutentiam

384 2310 527 2372 traducere
547 2329 676 2388 conatur,
696 2335 825 2392 reumque
846 2306 901 2393 espfi
918 2313 949 2373 in
969 2327 1172 2390 contemptum,
1193 2326 1268 2386 atque
1282 2324 1303 2360 t·

385 2389 465 2450 dium
487 2390 667 2459 adducere.·
958 2415 962 2427 ·’
988 2422 990 2429 ·
1256 2401 1297 2445 111

349 2470 400 2531 Ad
419 2470 600 2548 accusatorem
608 2471 735 2551 iniquum
756 2473 792 2533 de
800 2471 889 2531 medio
908 2471 1062 2545 tollendum
1069 2468 1234 2531 exhortatio.
1257 2479 1299 2540 145

352 2549 527 2626 Accusatoris
549 2552 690 2625 temerarii
703 2550 833 2612 habitus.
863 2612 870 2624 Α,
915 2590 918 2597 -
1001 2616 1003 2621 ,
1258 2561 1303 2631 13?

344 2627 427 2689 Attio
445 2631 599 2711 gratiarum
621 2632 736 2692 Herculi
760 2632 795 2690 ll.
818 2628 1049 2706 Ateslio'nomine
1076 2628 1210 2692 Lucretia
1225 2642 1304 2684 ursus

378 2711 427 2786 so.
449 2709 536 2766 Pauli
557 2711 732 2790 Mansronit‘.
913 2777 916 2783 ,
968 2734 985 2785 j
1272 2717 1303 2778 53

346 2786 571 2942 Adsminislrandi
592 2791 784 2871 Princs'patu'm
804 2787 876 2850 refla
897 2791 966 2850 ratio
987 2788 1089 2870 quibus
1110 2793 1142 2851 in
1162 2783 1308 2924 tebusgver·

400 2882 481 2927 etur.
787 2934 789 2943 Ι
1250 2877 1307 2938 .ς9

346 2919 623 3024 Administrantibui
640 2946 856 3031 ¹Rempublicane
886 2950 997 3030 quando
1019 2949 1175 3032 prudentia
1204 2884 1308 3006 cissam

386 3027 549 3105 necesaria.
814 3026 819 3035 '
1120 3077 1128 3095 ,
1176 3045 1240 3104 107.
1262 3015 1308 3110 ¹⁰.⁸

346 3106 570 3168 Admirationem
586 3107 686 3188 perse
706 3108 860 3169 maximam
880 3126 995 3170 movent
1022 3108 1083 3184 fine
1118 3107 1179 3169 ullo
1200 3103 1310 3166 orations

386 3204 505 3262 ornatu,
538 3209 580 3246 sne
601 3188 663 3248 ulla
687 3187 830 3248 verborum
853 3191 958 3270 copia,
980 3189 1020 3252 (θ’
1039 3186 1310 3269 amplficationeom·

383 3265 455 3345 pla,
475 3289 593 3348 magna,
614 3269 653 3329 (9
673 3268 808 3344 illustria.
1263 3276 1307 3321 102
1343 3316 1344 3323 ,

349 3344 489 3423 Adoptati
509 3347 539 3407 in
558 3347 665 3407 alienas
685 3348 827 3408 Familias
850 3345 1150 3409 interdumretinebant
1166 3344 1225 3423 sua
1239 3341 1308 3402 etim
1343 3340 1344 3414 ζ

385 3426 568 3500 prenomine,
593 3428 722 3501 nomina,
744 3426 784 3487 Θ
804 3430 978 3508 cognomina.
1083 3447 1152 3506 154.
1179 3418 1309 3505 155.15⁶¹

349 3500 414 3582 Q
430 3518 481 3580 per
501 3505 672 3585 adoptionem
692 3509 723 3568 in
746 3505 833 3565 aliam
856 3508 1007 3566 Familiam
1029 3509 1169 3589 veniffent
1186 3549 1196 3582 ,
1212 3501 1253 3579 fi,
1271 3515 1308 3584 qt!

387 3579 575 3664 adoptaffent,
596 3585 708 3646 nullum
730 3606 874 3665 cognomen
893 3584 1066 3666 habuissent,
1083 3590 1175 3665 sirum
1196 3579 1248 3666 ipſs
1258 3595 1308 3640 rect·

385 3658 508 3741 nebant,
529 3683 561 3725 ut
583 3665 612 3723 in
634 3669 672 3726 T.
682 3665 829 3746 Pomponio
840 3667 950 3741 Attico,
971 3667 1023 3746 qui
1042 3666 1239 3750 assCaecilio
1258 3656 1306 3719 alt

381 3753 480 3820 ptatus
501 3746 613 3806 Atticus
627 3745 735 3827 semper
756 3745 958 3826 cognominatus
979 3746 1031 3822 esi.
1265 3749 1305 3824 155¹
1342 3794 1345 3817 ,

346 3820 548 3903 Adversarium
564 3825 721 3906 graviorem
741 3847 802 3885 reus
823 3823 917 3886 babere
938 3848 990 3888 nou
1007 3825 1123 3910 potest,
1155 3844 1243 3908 quam
1254 3816 1305 3898 soll

1252 3899 1279 3978 se
