3000 4559
547 492 957 554 ΟΚΑΤΙΟΝΕΩ
1136 515 1189 577 πμ

263 589 318 636 cut
339 571 490 655 naufragio
508 571 610 656 aliquo
629 571 731 648 iasio,
752 589 804 635 aut
825 572 1009 654 flagitilsmc
1028 575 1228 660 luxuria,per.

264 654 354 727 dita,
375 653 392 715 s
406 673 422 715 e
441 653 542 735 aliqua
569 652 697 715 maxima
718 651 772 718 fibi
789 652 959 734 proposita,
979 652 1073 737 sore,
1094 671 1126 719 ut
1146 656 1226 722 brevi

264 733 302 797 ad
323 675 477 795 libidinem
506 732 587 794 suam
608 732 698 793 redire
719 729 804 822 poffit
825 776 835 808 ,
865 733 901 794 ad
925 733 1037 810 neam,
1059 734 1095 796 ad
1115 735 1229 803 latroci-

262 813 348 877 nium
367 813 497 876 rationes
519 811 581 874 suas
602 827 764 875 convertit.
786 811 874 878 Recte
893 813 1012 895 quidem
1034 856 1044 889 ‚
1066 813 1167 883 Prince
1216 862 1228 894 ,

262 893 341 955 nihil
362 893 554 975 opportunius
573 913 582 964 3
603 890 721 974 quando
741 892 858 953 nullum
879 892 1029 960 hominem
1051 914 1111 963 aon
1133 893 1163 955 so
1176 916 1227 961 unt

261 973 300 1036 ad
322 973 432 1049 licam,
453 972 499 1034 sed
522 973 613 1034 etiam
633 971 670 1033 ad
690 971 816 1047 omnia,
837 991 901 1054 quae
921 973 1082 1056 excogitari
1099 974 1231 1058 possm,

262 1054 399 1135 graviora
419 1052 572 1127 facinora,
592 1072 682 1134 quam
703 1050 751 1113 hic
771 1051 867 1115 noller
884 1052 942 1126 est,
959 1056 1052 1135 magis
1072 1070 1227 1135 paratum,

262 1133 360 1215 magis
389 1149 559 1216 promptum
580 1150 721 1214 umquam
750 1130 866 1198 vidisti.
886 1131 1040 1196 Continuo
1061 1149 1145 1197 tanta
1173 1137 1228 1198 hu·

262 1210 307 1285 ius
337 1211 378 1273 est
405 1212 560 1286 audacia,
587 1228 621 1272 ut
652 1210 771 1272 verbam
799 1211 916 1277 nullum
932 1212 1090 1294 integrum
1119 1214 1151 1277 in
1172 1216 1228 1278 hac

259 1293 356 1354 caussa
378 1291 546 1374 protulerit.
568 1291 678 1353 Vultus
701 1290 797 1373 qualis
817 1291 875 1366 sit,
904 1292 1021 1375 quoda
1040 1310 1158 1357 mortuo
1179 1296 1224 1356 ni-

260 1368 306 1433 bil
329 1371 437 1446 distet,
458 1389 559 1434 omnes
576 1415 586 1446 ‚
605 1372 657 1454 qui
679 1369 783 1435 adsunt
799 1413 809 1444 ,
828 1371 930 1435 vident
946 1391 959 1431 r.
976 1386 1059 1435 tanta
1078 1390 1176 1436 autenr
1193 1375 1226 1437 in

259 1451 438 1513 cruciatibus
458 1449 571 1514 versata
591 1448 752 1532 perpessio,
773 1466 808 1512 ut
822 1470 909 1531 poene
928 1450 1038 1526 etiam,
1056 1471 1120 1545 quc
1142 1473 1227 1519 num·

281 1551 352 1592 uam
374 1531 400 1591 ei
424 1532 455 1591 in
477 1546 607 1594 mentem
630 1544 799 1603 venerunt,
829 1529 962 1593 adsonis
983 1547 1162 1594 mentionem
1187 1553 1225 1597 ex

260 1630 271 1673 ι
296 1611 344 1671 ius
373 1608 515 1672 falsrlsuna
542 1610 724 1673 accusatione
743 1606 880 1673 confessus
904 1611 952 1681 sic.
975 1608 1080 1681 -Huius
1101 1631 1170 1675 vero
1190 1632 1226 1677 ea

260 1687 348 1751 naufr
387 1689 415 1750 ia
435 1690 524 1766 sunt,
545 1709 610 1772 qua
630 1710 649 1751 a
669 1704 720 1751 tua
749 1688 802 1751 ista
822 1687 968 1757 salsissima
986 1688 1169 1759 accusatione
1189 1692 1227 1755 il·

262 1768 283 1831 li
305 1788 359 1851 par
396 1786 505 1844 antur,
527 1768 644 1831 horrida
665 1769 719 1831 illa
737 1767 882 1851 quidem,
912 1789 976 1852 quae
995 1791 1056 1833 non
1078 1770 1172 1833 solum
1194 1793 1224 1836 e-
1287 1813 1294 1829 c

260 1847 305 1919 ius
328 1869 390 1911 rem
411 1848 610 1926 absorberent,
626 1849 672 1910 sed
694 1848 789 1911 vitam
807 1849 897 1911 etiam
916 1851 1017 1913 misere
1032 1849 1223 1916 devorarent.

259 1928 313 1991 Sed
341 1930 418 1991 Deus
445 1930 586 2010 Optimus
617 1926 823 2011 tempestatum
851 1930 987 1995 omniunt
1016 1932 1226 2015 tranquillator

260 2006 374 2069 insanos
402 2026 468 2071 tuos
489 2008 557 2070 istos
584 2008 715 2081 flauas,
746 2028 826 2072 mare
847 2025 933 2072 tuum
963 2010 1038 2071 iliud
1058 2026 1156 2072 toturn
1178 2011 1225 2079 in·

260 2087 373 2149 versum
394 2108 453 2150 una
468 2089 499 2149 in
515 2087 618 2177 Gypsri
640 2086 810 2169 prudentia,
830 2086 862 2148 aa
884 2104 936 2152 tua
951 2088 1091 2162 summa,
1112 2090 1224 2156 Hercu·

260 2164 299 2228 les
328 2168 489 2248 Princeps,
517 2165 628 2237 justitia
655 2164 852 2246 composuit,
879 2165 1006 2232 sedavit.
1035 2168 1158 2241 Hujus,
1180 2169 1226 2228 in·

280 2266 377 2323 uam,
405 2247 444 2309 sic
465 2266 509 2308 res
530 2242 634 2307 affedla
651 2246 694 2306 eli
715 2287 725 2317 ,
751 2242 790 2305 fic
811 2243 940 2318 attrita,
971 2244 1008 2305 src
1031 2245 1078 2306 hic
1099 2245 1228 2327 denique

259 2262 401 2401 babuit,
420 2342 455 2387 ut
476 2325 564 2406 pauci
585 2321 746 2386 Christiani
766 2337 938 2387 mercatores
959 2323 1155 2401 reperiantur,
1170 2325 1223 2409 qui

260 2421 312 2469 sut
339 2404 526 2467 dinumerata
553 2403 699 2485 pecunia,
725 2415 778 2462 aut
807 2401 906 2482 regiis·
923 2401 1065 2465 mercibus
1092 2421 1159 2472 cum
1188 2423 1225 2466 eo

259 2482 382 2548 woferri
410 2481 531 2565 possint.
561 2485 605 2546 De
625 2481 709 2553 hujus
730 2496 830 2543 autem
857 2480 974 2544 luxuria
993 2480 1083 2563 pudet
1104 2481 1227 2558 dicere,

258 2562 410 2655 Princeps.
440 2564 511 2626 Non
539 2562 650 2645 possum
679 2561 759 2622 enirn
789 2560 848 2623 sine
873 2560 1042 2630 Christiana
1065 2557 1225 2624 offensione

259 2640 342 2707 interi
362 2643 417 2719 id,
459 2642 517 2706 uod
536 2663 580 2706 res
597 2642 638 2703 est
652 2662 662 2713 3
682 2640 779 2704 dicam
795 2655 921 2720 tamen,
939 2642 1082 2724 quoniam
1098 2639 1128 2705 id
1143 2642 1224 2705 caus·

260 2722 375 2785 brnen
402 2663 543 2805 pobulat.
573 2722 697 2789 Utinam
725 2720 816 2783 nollti
836 2741 897 2785 non
926 2724 1021 2804 magis
1044 2722 1097 2788 illo
1118 2721 1223 2792 morbo

261 2800 447 2880 laborarent,
467 2823 557 2886 quam
578 2822 648 2886 gens
670 2799 812 2874 Hebraea3
833 2801 1016 2870 muiracum
1037 2801 1223 2884 presentibus

261 2882 362 2945 nostris
381 2883 565 2945 commodius
586 2897 747 2964 ageretur,
767 2881 886 2962 posteris
908 2898 1006 2948 autem
1029 2883 1130 2946 utilius
1152 2902 1222 2946 con-

262 2959 415 3025 suleretur.
442 2960 519 3036 Quis
538 2961 616 3023 enirn
648 2978 789 3042 umquam
816 2960 956 3027 Hebraus
985 2962 1100 3023 auditus
1128 2960 1223 3021 estin

297 3041 384 3114 neis,
414 3039 445 3100 in
466 3040 556 3114 alea,
584 3039 616 3100 in
635 3039 776 3112 Venere,
798 3040 830 3101 in
851 3038 970 3121 prosusrs
991 3041 1083 3102 totius
1104 3036 1223 3099 samiliae

323 3121 421 3201 pribus
450 3137 513 3181 rem
534 3117 616 3180 suam
644 3115 817 3197 profudisse?
848 3116 1012 3179 confecisse?
1041 3117 1102 3177 Cui
1123 3132 1222 3178 autem

263 3218 318 3262 son
341 3215 445 3260 notum
468 3197 533 3273 est,
563 3214 651 3257 omne
669 3194 744 3257 illud
765 3214 855 3276 genus
878 3215 988 3276 parce,
1018 3216 1053 3257 ac
1072 3193 1223 3276 frugaliter

263 3277 359 3369 agere?
380 3279 413 3340 in
435 3278 516 3340 diem
538 3277 629 3343 etiarn
649 3273 804 3337 viditate?
827 3291 860 3337 ut
882 3276 936 3357 qui
955 3294 1021 3336 eam
1042 3274 1161 3337 vivendi
1177 3296 1223 3338 ra·

263 3370 369 3421 runem
386 3358 492 3421 habeat
511 3356 695 3430 institutam,
723 3352 833 3416 nullius
853 3353 975 3416 luxuria
996 3374 1031 3415 ne
1053 3352 1221 3437 suspicionis

264 3435 376 3521 quidem
397 3440 502 3501 merito
522 3435 682 3498 insimulari
703 3431 809 3515 possut.
837 3434 882 3495 De
902 3433 950 3525 spe
969 3453 1040 3498 vero
1059 3435 1117 3510 iarn
1138 3434 1222 3517 supra

264 3533 416 3600 purgatum
436 3517 503 3591 est,
525 3514 636 3579 etiamsi
657 3514 785 3577 maxime
806 3512 995 3605 indiguisset,
1015 3514 1128 3578 nullam
1153 3515 1221 3578 huic

263 3600 380 3662 omnino
405 3597 499 3661 afferri
522 3596 658 3678 potuisse.
679 3592 794 3671 Quibus
818 3593 978 3657 rationibus
1002 3593 1089 3675 plane
1114 3593 1220 3671 vides,

261 3679 358 3741 onnia
375 3724 384 3754 ,
404 3697 468 3760 quar
484 3675 520 3738 ad
534 3692 651 3739 tanturn
668 3671 781 3737 facinus
798 3671 1040 3741 committendum
1056 3675 1220 3755 pertinent,

259 3758 369 3832 uorsus
388 3758 457 3819 huic
473 3755 568 3818 nostro
584 3753 701 3818 defuisse
715 3773 726 3827 ς
745 3755 850 3816 omnia
863 3768 962 3815 autem
976 3753 1092 3830 adesse,
1114 3753 1220 3836 quibas

258 3850 315 3901 uon
331 3837 551 3908 committeret.
571 3834 772 3915 Quid-vero,
794 3834 954 3916 Princeps,
975 3831 1043 3897 siin
1066 3834 1118 3897 ilio
1140 3850 1175 3918 ea
1188 3847 1221 3888 o·

734 3912 750 3973 1
791 3933 832 3983 2¹
1090 3926 1174 3972 mma
1245 3936 1351 4062 r·
