3000 4559
162 2916 179 2939 Ι·

162 3082 182 3095 μ

176 3240 194 3275 :¹

178 3300 194 3313 .

175 3480 205 3522 '2

162 3560 209 3641 ‘2

175 3718 208 3779 F

166 3796 206 3838 m

162 3876 205 3921 ³⁸

162 3954 196 3999 f?

162 3640 205 3683 Ε
225 3579 310 3665 Legis
327 3599 414 3673 caput
432 3584 496 3659 est,

488 471 900 538 ORATIONEL
1103 487 1141 563 ῃ

219 555 355 621 veniam.
377 557 465 634 Quod
488 557 565 619 enirn
587 556 632 619 illi
652 556 759 639 hospiti
779 601 788 630 ,
809 573 898 638 atque
918 556 1013 620 alieno
1034 556 1131 636 dant,
1152 550 1184 629 id
1202 605 1204 611 -

219 637 297 700 milri
318 655 350 699 ut
372 639 473 705 Patria
494 637 583 711 dem,
607 650 727 718 gravate
749 634 822 696 ferre
843 654 903 697 non
923 635 1042 699 debent.
1065 642 1135 703 Non
1156 663 1186 703 e·

220 716 285 781 nitu
306 718 381 780 hunc
402 719 434 778 in
453 717 468 790 J
472 716 599 779 udicium
622 736 716 790 voco,
737 715 783 776 sed
805 715 907 778 Patriae
929 716 1114 781 sanflillimas
1131 722 1189 783 Le⁴

220 815 272 875 ges
292 798 431 879 requiro,
458 797 666 877 lllajorumque
693 795 827 857 instituta
855 794 1003 872 defendo,
1054 807 1187 863 uacum

220 874 273 937 ille
306 875 333 937 se
353 877 467 939 servalle
509 875 620 938 robabit
644 921 653 950 ,
681 892 741 937 ram
764 878 788 936 is
811 876 886 936 mihi
908 888 972 938 tun'r
994 818 1190 958 prbbabitur,

223 956 329 1094 guanti
351 955 387 1017 ab
407 955 466 1018 illis
521 956 570 1017 iris
593 976 671 1016 nunc
693 955 727 1016 lit
748 956 884 1037 optimis.
905 952 993 1019 Hunc
1015 957 1122 1039 igitur,
1139 958 1190 1030 Ju·

245 1034 300 1096 ices
318 1081 327 1109 ,
348 1057 408 1098 non
438 1057 472 1098 err
502 1033 654 1116 Legibus,
677 1046 764 1117 atque
793 1036 932 1098 institutis
961 1038 1064 1101 nostris
1094 1036 1190 1100 facere

220 1112 289 1175 dico
306 1159 316 1189 ,
334 1117 390 1257 aui
411 1117 438 1176 se
459 1114 566 1177 Civem
586 1115 756 1177 Romanum
777 1115 954 1196 profitetur,
977 1136 1072 1199 neque
1088 1126 1189 1181 tamea

221 1214 334 1283 quomo
355 1216 373 1258 o
395 1196 426 1256 in
450 1195 524 1256 hanc
546 1193 706 1258 Civitatem
728 1197 864 1270 venerit,
892 1197 982 1257 ullam
1004 1196 1122 1258 tandem
1144 1218 1190 1259 τι·

223 1288 335 1339 nonem
365 1272 503 1357 profert,
532 1290 583 1336 aut
612 1274 742 1357 frquam
763 1274 872 1357 profert
893 1277 1038 1351 omnino,
1059 1290 1122 1337 eam
1146 1292 1192 1339 ta⁴

222 1352 284 1415 lem
307 1355 385 1429 else,
416 1374 479 1437 quae
508 1353 583 1415 nihil
611 1353 642 1414 in
661 1357 752 1417 caulla
772 1354 869 1416 valere
890 1353 989 1416 debet.
1019 1358 1099 1416 Nam
1121 1370 1192 1422 cum

220 1433 315 1496 tribus
336 1434 431 1495 modis
460 1433 492 1493 in
511 1432 673 1496 Civitatem
694 1434 819 1495 nollram
841 1434 962 1495 veniant
984 1434 1090 1506 alieni3
1111 1456 1192 1512 uno,

218 1514 240 1575 sr
267 1515 298 1573 in
318 1512 396 1574 Urbe
421 1532 501 1575 more
519 1556 528 1581 ,
549 1529 636 1597 atque
661 1512 795 1575 instituto
819 1513 870 1575 suo
887 1512 1001 1574 Civitas
1018 1513 1102 1575 detur
1120 1534 1128 1583 3
1149 1513 1192 1575 al·

217 1611 310 1665 tero,
334 1593 352 1653 fr
379 1592 405 1652 F
420 1593 584 1655 deratotum
609 1594 674 1683 lege
690 1594 814 1676 aliqua,
859 1590 941 1655 uibus
958 1592 1115 1674 adscriptus
1134 1592 1189 1666 sita

217 1673 332 1747 tertio,
354 1672 372 1733 fr
389 1614 425 1733 ab
443 1672 622 1763 Imperatore
639 1693 670 1733 m
687 1675 817 1735 exercitu
833 1613 869 1734 fe
886 1672 1008 1734 Consilii
1026 1672 1188 1749 sententia,

217 1746 316 1815 &fua
332 1753 440 1815 virtute
464 1750 563 1835 aitqua
586 1752 729 1834 praestanti
755 1754 822 1837 quis
838 1751 923 1815 Civis
940 1751 993 1815 frat
1010 1774 1020 1826 3
1041 1753 1187 1815 continuo

217 1818 355 1909 duobus,
386 1832 503 1913 primo,
538 1832 569 1895 ἃ
593 1832 761 1914 postremo,
783 1834 861 1896 hunc
885 1830 997 1894 nullam
1020 1832 1187 1895 Civitatem

217 1910 343 1986 habere,
369 1911 484 1975 nullum
499 1911 539 1974 ell
563 1912 711 1977 dubium.
741 1913 829 1975 Nihil
858 1913 937 1975 enirn
959 1933 976 1974 a
1022 1933 1061 1975 uo
1078 1913 1187 1974 Praetoa

219 2008 251 2052 te
266 1992 367 2053 Romu
384 2037 392 2067 ,
422 2007 473 2053 aut
490 2013 507 2053 a
524 2012 584 2073 quo
600 1994 644 2053 lm
667 2009 779 2055 emtore
794 1994 826 2056 in
841 1994 966 2056 exercitu
989 1932 1076 2053 divis
1093 1990 1189 2054 faflus

217 2054 278 2145 lit,
300 2062 431 2133 auditura
453 2072 611 2162 Reliquum
628 2014 685 2147 ei,
706 2090 739 2135 ut
756 2072 783 2134 se
800 2073 887 2134 alicui
905 2072 1013 2153 populo
1028 2071 1187 2134 Foederatu

218 2149 308 2215 adseri
331 2168 393 2213 tum
409 2149 491 2212 fuisse
508 2151 585 2212 dicat
602 2195 611 2226 ,
634 2152 664 2212 id
681 2152 759 2231 quod
783 2151 868 2213 facita
891 2153 927 2213 Se
942 2152 1022 2212 enim
1040 2150 1076 2210 ab
1092 2151 1187 2209 Heraa

217 2222 318 2293 client
338 2251 370 2292 us
389 2272 398 2305 ,
417 2231 469 2320 qui
497 2230 610 2309 Populo
635 2231 770 2291 Romano
795 2230 885 2307 federe
913 2227 1072 2312 arquilfrmo
1093 2225 1188 2296 iuneti

216 2302 312 2384 funt,
340 2309 370 2369 in
395 2308 559 2370 Civitatem
585 2307 707 2369 ascitum
731 2308 785 2369 elle
810 2324 933 2382 tuetur,
956 2306 989 2375 dt
1013 2318 1080 2367 cum
1097 2305 1133 2366 iis
1157 2302 1188 2367 se

239 2409 338 2469 uoque
357 2388 462 2449 Civem
481 2389 651 2448 Romanum
669 2387 721 2448 elle
743 2384 919 2467 profitetur:
940 2402 1000 2468 quo
1021 2406 1080 2447 uno
1097 2383 1188 2465 proeli<

215 2410 273 2531 bio
291 2487 357 2528 cum
374 2486 439 2528 eum
458 2466 581 2547 spoliare
599 2508 608 2541 ,
630 2484 718 2549 atque
743 2466 879 2540 nudaro,
900 2464 979 2547 quod
996 2465 1079 2527 nullo
1095 2482 1187 2555 nego·

216 2551 265 2611 tio
283 2544 405 2621 faciam,
425 2546 490 2621 bic,
509 2564 542 2609 ut
558 2547 640 2609 omni
657 2548 748 2608 caulfa
765 2547 866 2620 cadat,
887 2565 921 2608 ac
935 2564 1055 2608 omnem
1071 2543 1201 2607 Civitas-

216 2644 280 2691 tem
298 2628 443 2705 amittat,
465 2626 571 2689 necesse
585 2626 640 2689 ell.
661 2626 800 2709 Syllani,
822 2627 836 2700 J
843 2626 936 2689 udices
952 2664 963 2701 ,
984 2626 1016 2689 δι
1039 2623 1189 2688 Carbonia

216 2700 282 2773 Lex
308 2705 346 2767 est
368 2706 403 2783 de
421 2706 586 2785 Federatis,
609 2726 641 2770 ut
664 2709 717 2791 qui
741 2708 773 2769 in
797 2726 897 2769 eorum
922 2705 1110 2781 Civitatem,
1131 2702 1187 2797 qul

162 2834 172 2873 ι
217 2806 288 2876 cum
304 2780 417 2876 Populo
433 2789 569 2850 Romano
586 2785 677 2866 federe
693 2788 785 2859 iundli
802 2787 881 2861 srnt,
903 2784 1007 2850 ascitus
1025 2785 1137 2859 fuerit,
1157 2800 1200 2846 ts-

216 2886 283 3011 [arr
301 2880 411 2926 tattone
427 2887 492 2927 curn
511 2868 547 2928 iis
562 2870 593 2931 in
611 2868 774 2931 Civitatem
793 2868 960 2929 Romanam
977 2868 1097 2930 veniat·
1118 2863 1203 2925 Hau¹

162 2944 177 2957 “
246 2964 300 3033 ege
318 2936 468 3020 Archias,
488 2964 520 3007 ut
543 2948 594 3027 qui
610 2947 647 3009 ab
663 2945 890 3009 Heracliensrbus
915 2944 999 3008 nobis
1021 2940 1185 3007 Foederatis

217 3016 355 3093 civitate
377 3024 517 3099 donatus,
533 3025 559 3085 se
575 3026 681 3089 Civem
697 3046 815 3108 quoque
832 3028 1002 3090 Romanum
1018 3039 1086 3086 c'um
1102 3036 1185 3082 carte-

220 3104 259 3167 tis
279 3101 510 3163 Heraclienfibus
538 3100 644 3165 tanum
668 3120 783 3175 tuetur3
811 3105 840 3165 id
861 3107 942 3187 quod
966 3106 1071 3164 srvete
1091 3115 1185 3160 tuere*

221 3198 285 3259 rur,
305 3203 361 3264 ego
377 3202 540 3265 numquam
557 3199 619 3243 tam
635 3199 686 3244 aut
701 3181 867 3263 improbus,
883 3194 936 3245 aut
952 3182 989 3244 ab
1005 3179 1087 3250 omni
1104 3190 1186 3239 rnen⁴

222 3278 251 3325 te
268 3279 330 3327 tam
346 3262 526 3325 abalienatus
543 3264 593 3324 elle
611 3262 739 3342 possem,
785 3264 815 3323 ui
831 3276 934 3324 contra
958 3260 1101 3321 summam
1128 3258 1182 3319 ho·

222 3340 457 3436 trellatematque
471 3342 606 3406 adversus
616 3359 660 3404 tot
669 3282 879 3422 gratiofrlfrmas
888 3340 1029 3401 Familias
1039 3338 1186 3401 venirem·

225 3422 277 3484 Sed
294 3422 384 3504 quid,
408 3430 428 3484 lr
445 3424 496 3486 illa
519 3421 580 3505 ipsa
596 3424 677 3563 Lefe
692 3420 841 3501 Syllania,
863 3420 893 3482 bt
908 3418 1054 3483 Carbonia
1070 3438 1125 3501 ego
1139 3416 1184 3490 jus

224 3520 322 3564 meum
351 3502 488 3578 firmius,
526 3518 594 3575 uam
621 3503 671 3564 ile
695 3501 777 3563 fuam
802 3500 991 3576 Civitatem,
1013 3494 1183 3561 defendam?

505 3524 656 3657 (iudices,
679 3598 763 3644 urea
785 3580 811 3640 se
829 3588 943 3643 tantum
968 3581 1004 3641 iis
1020 3578 1185 3641 communi*

225 3678 267 3727 cet
284 3706 294 3737 ,
315 3679 370 3741 qur
385 3682 445 3745 quo
461 3679 589 3745 tempore
605 3661 763 3735 ferebatur,
781 3656 962 3723 domicilium
982 3661 1012 3721 in
1030 3658 1118 3722 Italia
1134 3658 1186 3719 lta·

224 3732 319 3803 beret.
342 3738 456 3825 Fequid
474 3742 528 3804 hoc
544 3744 582 3806 est
599 3786 608 3817 ,
626 3743 732 3822 optimi
750 3741 818 3802 Viri
834 3778 843 3816 5
885 3740 941 3805 uod
964 3758 1017 3802 vos
1042 3740 1129 3802 video
1144 3738 1182 3799 ad

220 3810 277 3887 boc
295 3818 382 3961 liegis
399 3838 486 3959 claput
502 3842 562 3885 nun
578 3822 680 3887 leviter
695 3761 883 3963 commotgsi
899 3822 982 3891 Num
999 3817 1112 3957 fortalff
1137 3834 1187 3875 ve·

331 3922 382 3961 om·
420 3943 427 3961 .
1107 3910 1143 3956 tae
