<?xml version="1.0" encoding="UTF-8"?>
<!DOCTYPE html PUBLIC "-//W3C//DTD XHTML 1.0 Transitional//EN"
    "http://www.w3.org/TR/xhtml1/DTD/xhtml1-transitional.dtd">
<html xmlns="http://www.w3.org/1999/xhtml" xml:lang="en" lang="en">
 <head>
  <title>
</title>
<meta http-equiv="Content-Type" content="text/html;charset=utf-8" />
  <meta name='ocr-system' content='tesseract 3.04.00' />
  <meta name='ocr-capabilities' content='ocr_page ocr_carea ocr_par ocr_line ocrx_word'/>
</head>
<body>
  <div class='ocr_page' id='page_1' title='image "./operumtomusprim00riccgoog_0248.png"; bbox 0 0 3000 4559; ppageno 0'>
   <div class='ocr_carea' id='block_1_1' title="bbox 332 460 1308 1509">
    <p class='ocr_par' dir='ltr' id='par_1_1' title="bbox 332 460 1308 1509">
     <span class='ocr_line' id='line_1_1' title="bbox 381 460 1190 546; baseline -0.007 -17"><span class='ocrx_word' id='word_1_1' title='bbox 381 484 438 546; x_wconf 75' lang='lat'>¹94</span> <span class='ocrx_word' id='word_1_2' title='bbox 601 466 862 528; x_wconf 83' lang='lat' dir='ltr'>BART&#39;HOL.</span> <span class='ocrx_word' id='word_1_3' title='bbox 894 460 1084 525; x_wconf 84' lang='lat' dir='ltr'>Rlccls·</span> <span class='ocrx_word' id='word_1_4' title='bbox 1188 482 1190 487; x_wconf 94' lang='lat'>·</span> 
     </span>
     <span class='ocr_line' id='line_1_2' title="bbox 337 541 1308 632; baseline -0.006 -21"><span class='ocrx_word' id='word_1_5' title='bbox 337 547 520 632; x_wconf 86' lang='lat' dir='ltr'>quarundam</span> <span class='ocrx_word' id='word_1_6' title='bbox 544 562 720 620; x_wconf 82' lang='lat' dir='ltr'>traxerunt,</span> <span class='ocrx_word' id='word_1_7' title='bbox 752 547 805 628; x_wconf 89' lang='lat' dir='ltr'>qui</span> <span class='ocrx_word' id='word_1_8' title='bbox 827 562 981 625; x_wconf 85' lang='lat' dir='ltr'>propterea</span> <span class='ocrx_word' id='word_1_9' title='bbox 1009 562 1061 607; x_wconf 90' lang='lat' dir='ltr'>aut</span> <span class='ocrx_word' id='word_1_10' title='bbox 1082 543 1181 606; x_wconf 77' lang='lat' dir='ltr'>aliena</span> <span class='ocrx_word' id='word_1_11' title='bbox 1200 541 1238 605; x_wconf 88' lang='lat' dir='ltr'>iis</span> <span class='ocrx_word' id='word_1_12' title='bbox 1259 562 1308 605; x_wconf 84' lang='lat' dir='ltr'>no·</span> 
     </span>
     <span class='ocr_line' id='line_1_3' title="bbox 336 623 1308 767; baseline -0.007 -76"><span class='ocrx_word' id='word_1_13' title='bbox 336 629 466 691; x_wconf 81' lang='lat' dir='ltr'>minibus</span> <span class='ocrx_word' id='word_1_14' title='bbox 478 627 632 767; x_wconf 85' lang='lat' dir='ltr'>&#39;appellare</span> <span class='ocrx_word' id='word_1_15' title='bbox 651 672 659 701; x_wconf 92' lang='lat'>‚</span> <span class='ocrx_word' id='word_1_16' title='bbox 691 641 742 688; x_wconf 88' lang='lat' dir='ltr'>aut</span> <span class='ocrx_word' id='word_1_17' title='bbox 764 625 793 687; x_wconf 92' lang='lat' dir='ltr'>se</span> <span class='ocrx_word' id='word_1_18' title='bbox 812 626 902 686; x_wconf 86' lang='lat' dir='ltr'>etiarn</span> <span class='ocrx_word' id='word_1_19' title='bbox 923 623 960 687; x_wconf 92' lang='lat' dir='ltr'>ab</span> <span class='ocrx_word' id='word_1_20' title='bbox 979 625 1046 686; x_wconf 85' lang='lat' dir='ltr'>aliis</span> <span class='ocrx_word' id='word_1_21' title='bbox 1067 623 1237 704; x_wconf 85' lang='lat' dir='ltr'>appellari,</span> <span class='ocrx_word' id='word_1_22' title='bbox 1256 624 1308 684; x_wconf 89' lang='lat' dir='ltr'>mi-</span> 
     </span>
     <span class='ocr_line' id='line_1_4' title="bbox 335 700 1306 788; baseline -0.008 -19"><span class='ocrx_word' id='word_1_23' title='bbox 335 710 417 770; x_wconf 82' lang='lat' dir='ltr'>nime</span> <span class='ocrx_word' id='word_1_24' title='bbox 439 709 525 788; x_wconf 88' lang='lat' dir='ltr'>piacu</span> <span class='ocrx_word' id='word_1_25' title='bbox 539 722 589 769; x_wconf 91' lang='lat' dir='ltr'>um</span> <span class='ocrx_word' id='word_1_26' title='bbox 612 702 790 769; x_wconf 85' lang='lat' dir='ltr'>habuerunt.</span> <span class='ocrx_word' id='word_1_27' title='bbox 813 707 920 779; x_wconf 87' lang='lat' dir='ltr'>Quaero</span> <span class='ocrx_word' id='word_1_28' title='bbox 940 706 1060 786; x_wconf 88' lang='lat' dir='ltr'>igiture</span> <span class='ocrx_word' id='word_1_29' title='bbox 1082 700 1146 766; x_wconf 92' lang='lat' dir='ltr'>ode</span> <span class='ocrx_word' id='word_1_30' title='bbox 1155 720 1204 779; x_wconf 87' lang='lat' dir='ltr'>te,</span> <span class='ocrx_word' id='word_1_31' title='bbox 1226 723 1306 765; x_wconf 71' lang='lat' dir='ltr'>num-</span> 
     </span>
     <span class='ocr_line' id='line_1_5' title="bbox 336 784 1306 871; baseline -0.005 -21"><span class='ocrx_word' id='word_1_32' title='bbox 336 788 410 871; x_wconf 85' lang='lat' dir='ltr'>quid</span> <span class='ocrx_word' id='word_1_33' title='bbox 432 786 544 869; x_wconf 83' lang='lat' dir='ltr'>uspiam</span> <span class='ocrx_word' id='word_1_34' title='bbox 565 789 687 867; x_wconf 84' lang='lat' dir='ltr'>legeris‚</span> <span class='ocrx_word' id='word_1_35' title='bbox 709 787 762 868; x_wconf 89' lang='lat' dir='ltr'>qui</span> <span class='ocrx_word' id='word_1_36' title='bbox 784 786 887 846; x_wconf 89' lang='lat' dir='ltr'>omnia</span> <span class='ocrx_word' id='word_1_37' title='bbox 907 786 1040 847; x_wconf 90' lang='lat' dir='ltr'>omnium</span> <span class='ocrx_word' id='word_1_38' title='bbox 1099 784 1246 864; x_wconf 87' lang='lat' dir='ltr'>riptorum</span> <span class='ocrx_word' id='word_1_39' title='bbox 1262 804 1306 847; x_wconf 85' lang='lat' dir='ltr'>vo-</span> 
     </span>
     <span class='ocr_line' id='line_1_6' title="bbox 335 859 1304 943; baseline -0.005 -13"><span class='ocrx_word' id='word_1_40' title='bbox 335 866 451 930; x_wconf 88' lang='lat' dir='ltr'>lumina</span> <span class='ocrx_word' id='word_1_41' title='bbox 471 866 642 943; x_wconf 81' lang='lat' dir='ltr'>devorasti,</span> <span class='ocrx_word' id='word_1_42' title='bbox 672 866 764 927; x_wconf 89' lang='lat' dir='ltr'>ullam</span> <span class='ocrx_word' id='word_1_43' title='bbox 786 865 866 926; x_wconf 88' lang='lat' dir='ltr'>istius</span> <span class='ocrx_word' id='word_1_44' title='bbox 886 859 1016 927; x_wconf 89' lang='lat' dir='ltr'>nominis</span> <span class='ocrx_word' id='word_1_45' title='bbox 1036 862 1148 926; x_wconf 59' lang='lat' dir='ltr'>faciam</span> <span class='ocrx_word' id='word_1_46' title='bbox 1167 862 1304 926; x_wconf 86' lang='lat' dir='ltr'>essemeu·</span> 
     </span>
     <span class='ocr_line' id='line_1_7' title="bbox 336 944 1303 1028; baseline -0.003 -19"><span class='ocrx_word' id='word_1_47' title='bbox 336 949 479 1020; x_wconf 83' lang='lat' dir='ltr'>tionem3</span> <span class='ocrx_word' id='word_1_48' title='bbox 508 946 597 1028; x_wconf 89' lang='lat' dir='ltr'>idque</span> <span class='ocrx_word' id='word_1_49' title='bbox 618 946 709 1013; x_wconf 84' lang='lat' dir='ltr'>etiam</span> <span class='ocrx_word' id='word_1_50' title='bbox 739 944 818 1026; x_wconf 85' lang='lat' dir='ltr'>apud</span> <span class='ocrx_word' id='word_1_51' title='bbox 849 946 995 1018; x_wconf 86' lang='lat' dir='ltr'>majorum</span> <span class='ocrx_word' id='word_1_52' title='bbox 1023 945 1163 1025; x_wconf 87' lang='lat' dir='ltr'>gentium</span> <span class='ocrx_word' id='word_1_53' title='bbox 1185 944 1303 1024; x_wconf 85' lang='lat' dir='ltr'>Scripto·</span> 
     </span>
     <span class='ocr_line' id='line_1_8' title="bbox 332 1022 1304 1110; baseline -0.006 -20"><span class='ocrx_word' id='word_1_54' title='bbox 332 1048 400 1102; x_wconf 85' lang='lat' dir='ltr'>res,</span> <span class='ocrx_word' id='word_1_55' title='bbox 422 1027 547 1110; x_wconf 83' lang='lat' dir='ltr'>nequid</span> <span class='ocrx_word' id='word_1_56' title='bbox 572 1026 625 1088; x_wconf 91' lang='lat' dir='ltr'>tibi</span> <span class='ocrx_word' id='word_1_57' title='bbox 649 1025 899 1108; x_wconf 84' lang='lat' dir='ltr'>tergiversationis</span> <span class='ocrx_word' id='word_1_58' title='bbox 921 1022 1126 1106; x_wconf 82' lang='lat' dir='ltr'>relinquatur?</span> <span class='ocrx_word' id='word_1_59' title='bbox 1159 1024 1190 1084; x_wconf 90' lang='lat' dir='ltr'>Si</span> <span class='ocrx_word' id='word_1_60' title='bbox 1210 1044 1304 1104; x_wconf 86' lang='lat' dir='ltr'>neges,</span> 
     </span>
     <span class='ocr_line' id='line_1_9' title="bbox 336 1103 1302 1189; baseline -0.006 -20"><span class='ocrx_word' id='word_1_61' title='bbox 336 1125 367 1169; x_wconf 91' lang='lat' dir='ltr'>te</span> <span class='ocrx_word' id='word_1_62' title='bbox 390 1106 517 1182; x_wconf 88' lang='lat' dir='ltr'>vidisse,</span> <span class='ocrx_word' id='word_1_63' title='bbox 545 1105 576 1169; x_wconf 95' lang='lat' dir='ltr'>id</span> <span class='ocrx_word' id='word_1_64' title='bbox 596 1126 713 1189; x_wconf 89' lang='lat' dir='ltr'>quoque</span> <span class='ocrx_word' id='word_1_65' title='bbox 733 1126 752 1168; x_wconf 86' lang='lat' dir='ltr'>a</span> <span class='ocrx_word' id='word_1_66' title='bbox 773 1126 821 1166; x_wconf 91' lang='lat' dir='ltr'>me</span> <span class='ocrx_word' id='word_1_67' title='bbox 849 1126 916 1168; x_wconf 88' lang='lat' dir='ltr'>cum</span> <span class='ocrx_word' id='word_1_68' title='bbox 940 1106 1043 1168; x_wconf 89' lang='lat' dir='ltr'>multis</span> <span class='ocrx_word' id='word_1_69' title='bbox 1075 1103 1145 1166; x_wconf 90' lang='lat' dir='ltr'>aliis</span> <span class='ocrx_word' id='word_1_70' title='bbox 1165 1124 1245 1165; x_wconf 83' lang='lat' dir='ltr'>nunc</span> <span class='ocrx_word' id='word_1_71' title='bbox 1264 1104 1302 1163; x_wconf 90' lang='lat' dir='ltr'>vi-</span> 
     </span>
     <span class='ocr_line' id='line_1_10' title="bbox 334 1181 1300 1278; baseline -0.003 -30"><span class='ocrx_word' id='word_1_72' title='bbox 334 1188 371 1248; x_wconf 91' lang='lat' dir='ltr'>de</span> <span class='ocrx_word' id='word_1_73' title='bbox 388 1230 409 1267; x_wconf 19' lang='grc'>.,</span> <span class='ocrx_word' id='word_1_74' title='bbox 424 1181 504 1268; x_wconf 78' lang='lat' dir='ltr'>Lege</span> <span class='ocrx_word' id='word_1_75' title='bbox 535 1187 626 1278; x_wconf 82' lang='lat' dir='ltr'>igitur</span> <span class='ocrx_word' id='word_1_76' title='bbox 647 1207 665 1248; x_wconf 89' lang='lat' dir='ltr'>a</span> <span class='ocrx_word' id='word_1_77' title='bbox 686 1186 723 1249; x_wconf 90' lang='lat' dir='ltr'>ud</span> <span class='ocrx_word' id='word_1_78' title='bbox 754 1187 877 1249; x_wconf 88' lang='lat' dir='ltr'>Livium</span> <span class='ocrx_word' id='word_1_79' title='bbox 900 1189 931 1248; x_wconf 94' lang='lat' dir='ltr'>in</span> <span class='ocrx_word' id='word_1_80' title='bbox 962 1186 1055 1248; x_wconf 84' lang='lat' dir='ltr'>terriae</span> <span class='ocrx_word' id='word_1_81' title='bbox 1084 1185 1214 1247; x_wconf 86' lang='lat' dir='ltr'>Decadis</span> <span class='ocrx_word' id='word_1_82' title='bbox 1232 1182 1300 1245; x_wconf 90' lang='lat' dir='ltr'>libro</span> 
     </span>
     <span class='ocr_line' id='line_1_11' title="bbox 333 1207 1300 1349; baseline -0.005 -22"><span class='ocrx_word' id='word_1_83' title='bbox 333 1265 486 1346; x_wconf 87' lang='lat' dir='ltr'>septimo,</span> <span class='ocrx_word' id='word_1_84' title='bbox 507 1265 557 1329; x_wconf 80' lang='lat' dir='ltr'>ubi</span> <span class='ocrx_word' id='word_1_85' title='bbox 577 1268 639 1328; x_wconf 82' lang='lat' dir='ltr'>haee</span> <span class='ocrx_word' id='word_1_86' title='bbox 658 1207 725 1330; x_wconf 57' lang='lat' dir='ltr'>ssim</span> <span class='ocrx_word' id='word_1_87' title='bbox 746 1266 807 1337; x_wconf 86' lang='lat' dir='ltr'>ejus</span> <span class='ocrx_word' id='word_1_88' title='bbox 828 1267 918 1331; x_wconf 83' lang='lat' dir='ltr'>verba</span> <span class='ocrx_word' id='word_1_89' title='bbox 936 1306 944 1328; x_wconf 61' lang='lat'><em>0</em></span> <span class='ocrx_word' id='word_1_90' title='bbox 964 1265 1075 1329; x_wconf 80' lang='lat' dir='ltr'>AEdilis</span> <span class='ocrx_word' id='word_1_91' title='bbox 1096 1267 1231 1349; x_wconf 68' lang='lat' dir='ltr'>,Quium</span> <span class='ocrx_word' id='word_1_92' title='bbox 1251 1268 1300 1322; x_wconf 71' lang='lat' dir='ltr'>Ca·</span> 
     </span>
     <span class='ocr_line' id='line_1_12' title="bbox 333 1342 1303 1430; baseline -0.002 -24"><span class='ocrx_word' id='word_1_93' title='bbox 333 1347 408 1420; x_wconf 79' lang='lat' dir='ltr'>tius,</span> <span class='ocrx_word' id='word_1_94' title='bbox 430 1345 589 1408; x_wconf 75' lang='lat' dir='ltr'>&amp;Livius</span> <span class='ocrx_word' id='word_1_95' title='bbox 609 1348 721 1423; x_wconf 79' lang='lat' dir='ltr'>Porcius</span> <span class='ocrx_word' id='word_1_96' title='bbox 741 1342 883 1421; x_wconf 76' lang='lat' dir='ltr'>Licinus,</span> <span class='ocrx_word' id='word_1_97' title='bbox 905 1346 937 1408; x_wconf 94' lang='lat'>&amp;</span> <span class='ocrx_word' id='word_1_98' title='bbox 956 1366 1020 1430; x_wconf 80' lang='lat' dir='ltr'>quae</span> <span class='ocrx_word' id='word_1_99' title='bbox 1042 1346 1233 1428; x_wconf 86' lang='lat' dir='ltr'>sequuntur.</span> <span class='ocrx_word' id='word_1_100' title='bbox 1255 1343 1303 1404; x_wconf 83' lang='lat' dir='ltr'>Vi·</span> 
     </span>
     <span class='ocr_line' id='line_1_13' title="bbox 335 1422 1298 1509; baseline -0.003 -22"><span class='ocrx_word' id='word_1_101' title='bbox 335 1425 385 1487; x_wconf 87' lang='lat' dir='ltr'>des</span> <span class='ocrx_word' id='word_1_102' title='bbox 403 1442 442 1486; x_wconf 86' lang='lat' dir='ltr'>ne</span> <span class='ocrx_word' id='word_1_103' title='bbox 459 1466 471 1499; x_wconf 89' lang='lat'>‚</span> <span class='ocrx_word' id='word_1_104' title='bbox 490 1424 655 1508; x_wconf 79' lang='lat' dir='ltr'>Republica</span> <span class='ocrx_word' id='word_1_105' title='bbox 674 1426 849 1489; x_wconf 75' lang='lat' dir='ltr'>sanslilsrma</span> <span class='ocrx_word' id='word_1_106' title='bbox 869 1430 987 1501; x_wconf 70' lang='lat' dir='ltr'>stante,</span> <span class='ocrx_word' id='word_1_107' title='bbox 1008 1443 1097 1509; x_wconf 89' lang='lat' dir='ltr'>atque</span> <span class='ocrx_word' id='word_1_108' title='bbox 1118 1423 1194 1486; x_wconf 79' lang='lat' dir='ltr'>adeo</span> <span class='ocrx_word' id='word_1_109' title='bbox 1203 1422 1298 1487; x_wconf 83' lang='lat' dir='ltr'>fioren-</span> 
     </span>
    </p>
   </div>
   <div class='ocr_carea' id='block_1_2' title="bbox 227 1504 1304 1594">
    <p class='ocr_par' dir='ltr' id='par_1_2' title="bbox 227 1504 1304 1594">
     <span class='ocr_line' id='line_1_14' title="bbox 227 1504 1304 1594; baseline -0.001 -28"><span class='ocrx_word' id='word_1_110' title='bbox 227 1569 229 1575; x_wconf 61' lang='lat'><em>,</em></span> <span class='ocrx_word' id='word_1_111' title='bbox 336 1510 390 1577; x_wconf 79' lang='lat' dir='ltr'>te,</span> <span class='ocrx_word' id='word_1_112' title='bbox 420 1505 524 1566; x_wconf 80' lang='lat' dir='ltr'>Romae</span> <span class='ocrx_word' id='word_1_113' title='bbox 554 1506 710 1569; x_wconf 91' lang='lat' dir='ltr'>Catiorum</span> <span class='ocrx_word' id='word_1_114' title='bbox 738 1504 899 1571; x_wconf 81' lang='lat' dir='ltr'>Familiam</span> <span class='ocrx_word' id='word_1_115' title='bbox 930 1505 1033 1573; x_wconf 83' lang='lat' dir='ltr'>fuisse?</span> <span class='ocrx_word' id='word_1_116' title='bbox 1064 1527 1099 1567; x_wconf 86' lang='lat' dir='ltr'>ex</span> <span class='ocrx_word' id='word_1_117' title='bbox 1130 1525 1192 1594; x_wconf 84' lang='lat' dir='ltr'>qua</span> <span class='ocrx_word' id='word_1_118' title='bbox 1218 1504 1304 1567; x_wconf 74' lang='lat' dir='ltr'>edan</span> 
     </span>
    </p>
   </div>
   <div class='ocr_carea' id='block_1_3' title="bbox 282 1581 1299 2228">
    <p class='ocr_par' dir='ltr' id='par_1_3' title="bbox 282 1581 1299 2070">
     <span class='ocr_line' id='line_1_15' title="bbox 334 1581 1298 1671; baseline -0.003 -24"><span class='ocrx_word' id='word_1_119' title='bbox 334 1583 441 1647; x_wconf 76' lang='lat' dir='ltr'>AEdiler</span> <span class='ocrx_word' id='word_1_120' title='bbox 461 1581 578 1661; x_wconf 71' lang='lat' dir='ltr'>suerunt</span> <span class='ocrx_word' id='word_1_121' title='bbox 596 1585 607 1648; x_wconf 77' lang='lat' dir='ltr'>d</span> <span class='ocrx_word' id='word_1_122' title='bbox 628 1587 733 1649; x_wconf 78' lang='lat' dir='ltr'>Cicero</span> <span class='ocrx_word' id='word_1_123' title='bbox 753 1589 853 1663; x_wconf 89' lang='lat' dir='ltr'>item,</span> <span class='ocrx_word' id='word_1_124' title='bbox 874 1604 963 1671; x_wconf 89' lang='lat' dir='ltr'>quem</span> <span class='ocrx_word' id='word_1_125' title='bbox 985 1586 1084 1649; x_wconf 89' lang='lat' dir='ltr'>lotum</span> <span class='ocrx_word' id='word_1_126' title='bbox 1108 1585 1168 1646; x_wconf 90' lang='lat' dir='ltr'>scro</span> <span class='ocrx_word' id='word_1_127' title='bbox 1186 1600 1216 1645; x_wconf 92' lang='lat' dir='ltr'>te</span> <span class='ocrx_word' id='word_1_128' title='bbox 1230 1603 1298 1664; x_wconf 89' lang='lat' dir='ltr'>pror·</span> 
     </span>
     <span class='ocr_line' id='line_1_16' title="bbox 333 1661 1297 1757; baseline -0.001 -33"><span class='ocrx_word' id='word_1_129' title='bbox 333 1663 381 1725; x_wconf 85' lang='lat' dir='ltr'>sus</span> <span class='ocrx_word' id='word_1_130' title='bbox 400 1680 460 1744; x_wconf 84' lang='lat' dir='ltr'>non</span> <span class='ocrx_word' id='word_1_131' title='bbox 480 1663 609 1740; x_wconf 82' lang='lat' dir='ltr'>vidisse,</span> <span class='ocrx_word' id='word_1_132' title='bbox 635 1683 673 1737; x_wconf 81' lang='lat' dir='ltr'>ue</span> <span class='ocrx_word' id='word_1_133' title='bbox 692 1668 744 1750; x_wconf 92' lang='lat' dir='ltr'>qui</span> <span class='ocrx_word' id='word_1_134' title='bbox 773 1667 810 1729; x_wconf 90' lang='lat' dir='ltr'>ab</span> <span class='ocrx_word' id='word_1_135' title='bbox 831 1687 867 1730; x_wconf 96' lang='lat' dir='ltr'>eo</span> <span class='ocrx_word' id='word_1_136' title='bbox 896 1668 1009 1757; x_wconf 82' lang='lat' dir='ltr'>semper</span> <span class='ocrx_word' id='word_1_137' title='bbox 1036 1663 1246 1740; x_wconf 82' lang='lat' dir='ltr'>abhorrueris,</span> <span class='ocrx_word' id='word_1_138' title='bbox 1270 1661 1297 1723; x_wconf 90' lang='lat' dir='ltr'>iu</span> 
     </span>
     <span class='ocr_line' id='line_1_17' title="bbox 336 1739 1297 1834; baseline -0.001 -30"><span class='ocrx_word' id='word_1_139' title='bbox 336 1744 397 1807; x_wconf 88' lang='lat' dir='ltr'>tuis</span> <span class='ocrx_word' id='word_1_140' title='bbox 419 1739 561 1834; x_wconf 63' lang='lat' dir='ltr'>Plotium,</span> <span class='ocrx_word' id='word_1_141' title='bbox 584 1745 743 1827; x_wconf 82' lang='lat' dir='ltr'>Apulejis,</span> <span class='ocrx_word' id='word_1_142' title='bbox 776 1747 1007 1822; x_wconf 83' lang='lat' dir='ltr'>Volaterranis,</span> <span class='ocrx_word' id='word_1_143' title='bbox 1036 1743 1234 1817; x_wconf 78' lang='lat' dir='ltr'>Ricobaldis‚</span> <span class='ocrx_word' id='word_1_144' title='bbox 1253 1741 1297 1803; x_wconf 83' lang='lat' dir='ltr'>Be·</span> 
     </span>
     <span class='ocr_line' id='line_1_18' title="bbox 336 1821 1297 1903; baseline 0.001 -20"><span class='ocrx_word' id='word_1_145' title='bbox 336 1835 495 1898; x_wconf 72' lang='lat' dir='ltr'>umentis,</span> <span class='ocrx_word' id='word_1_146' title='bbox 512 1826 669 1903; x_wconf 71' lang='lat' dir='ltr'>Andanis,</span> <span class='ocrx_word' id='word_1_147' title='bbox 688 1826 719 1888; x_wconf 75' lang='grc' dir='ltr'>ἃ</span> <span class='ocrx_word' id='word_1_148' title='bbox 737 1824 804 1889; x_wconf 82' lang='lat' dir='ltr'>sace</span> <span class='ocrx_word' id='word_1_149' title='bbox 827 1827 879 1891; x_wconf 91' lang='lat' dir='ltr'>reli</span> <span class='ocrx_word' id='word_1_150' title='bbox 902 1847 957 1900; x_wconf 85' lang='lat' dir='ltr'>ua,</span> <span class='ocrx_word' id='word_1_151' title='bbox 979 1825 1106 1888; x_wconf 87' lang='lat' dir='ltr'>versatus</span> <span class='ocrx_word' id='word_1_152' title='bbox 1128 1844 1181 1894; x_wconf 88' lang='lat' dir='ltr'>es;</span> <span class='ocrx_word' id='word_1_153' title='bbox 1201 1821 1297 1885; x_wconf 85' lang='lat' dir='ltr'>non&amp;</span> 
     </span>
     <span class='ocr_line' id='line_1_19' title="bbox 336 1901 1299 1992; baseline -0.001 -29"><span class='ocrx_word' id='word_1_154' title='bbox 336 1901 398 1983; x_wconf 85' lang='lat' dir='ltr'>ipse</span> <span class='ocrx_word' id='word_1_155' title='bbox 414 1902 548 1992; x_wconf 31' lang='lat' dir='ltr'>‘Caffiurn</span> <span class='ocrx_word' id='word_1_156' title='bbox 571 1904 691 1970; x_wconf 88' lang='lat' dir='ltr'>Catium</span> <span class='ocrx_word' id='word_1_157' title='bbox 717 1903 867 1971; x_wconf 87' lang='lat' dir='ltr'>Insubrem</span> <span class='ocrx_word' id='word_1_158' title='bbox 913 1906 1102 1988; x_wconf 90' lang='lat' dir='ltr'>hilosophum</span> <span class='ocrx_word' id='word_1_159' title='bbox 1130 1902 1299 1984; x_wconf 85' lang='lat' dir='ltr'>Epicureum</span> 
     </span>
     <span class='ocr_line' id='line_1_20' title="bbox 282 1978 1296 2070; baseline -0.002 -27"><span class='ocrx_word' id='word_1_160' title='bbox 282 2066 286 2070; x_wconf 12' lang='grc' dir='ltr'><strong>Α</strong></span> <span class='ocrx_word' id='word_1_161' title='bbox 338 1978 501 2044; x_wconf 83' lang='lat' dir='ltr'>nominat?</span> <span class='ocrx_word' id='word_1_162' title='bbox 532 2005 593 2067; x_wconf 88' lang='lat' dir='ltr'>quo</span> <span class='ocrx_word' id='word_1_163' title='bbox 614 1987 645 2048; x_wconf 92' lang='lat' dir='ltr'>in</span> <span class='ocrx_word' id='word_1_164' title='bbox 666 1987 732 2049; x_wconf 94' lang='lat' dir='ltr'>loco</span> <span class='ocrx_word' id='word_1_165' title='bbox 755 2007 791 2049; x_wconf 81' lang='lat' dir='ltr'>ex</span> <span class='ocrx_word' id='word_1_166' title='bbox 814 2006 887 2050; x_wconf 91' lang='lat' dir='ltr'>voce</span> <span class='ocrx_word' id='word_1_167' title='bbox 908 1984 1044 2064; x_wconf 79' lang='lat' dir='ltr'>insuber,</span> <span class='ocrx_word' id='word_1_168' title='bbox 1064 2005 1126 2047; x_wconf 92' lang='lat' dir='ltr'>non</span> <span class='ocrx_word' id='word_1_169' title='bbox 1148 2001 1245 2046; x_wconf 87' lang='lat' dir='ltr'>autem</span> <span class='ocrx_word' id='word_1_170' title='bbox 1259 1985 1296 2041; x_wconf 82' lang='lat' dir='ltr'>in·</span> 
     </span>
    </p>

    <p class='ocr_par' dir='ltr' id='par_1_4' title="bbox 334 2061 1297 2228">
     <span class='ocr_line' id='line_1_21' title="bbox 334 2061 1296 2151; baseline -0.002 -26"><span class='ocrx_word' id='word_1_171' title='bbox 334 2061 436 2151; x_wconf 59' lang='lat' dir='ltr'>super,</span> <span class='ocrx_word' id='word_1_172' title='bbox 452 2078 488 2125; x_wconf 85' lang='lat' dir='ltr'>-ut</span> <span class='ocrx_word' id='word_1_173' title='bbox 508 2065 585 2126; x_wconf 87' lang='lat' dir='ltr'>male</span> <span class='ocrx_word' id='word_1_174' title='bbox 607 2065 784 2147; x_wconf 78' lang='lat' dir='ltr'>legebo-tur,</span> <span class='ocrx_word' id='word_1_175' title='bbox 805 2067 917 2130; x_wconf 88' lang='lat' dir='ltr'>multos</span> <span class='ocrx_word' id='word_1_176' title='bbox 937 2067 1010 2129; x_wconf 86' lang='lat' dir='ltr'>alios</span> <span class='ocrx_word' id='word_1_177' title='bbox 1031 2064 1111 2129; x_wconf 85' lang='lat' dir='ltr'>fuisse</span> <span class='ocrx_word' id='word_1_178' title='bbox 1132 2084 1170 2126; x_wconf 88' lang='lat' dir='ltr'>eo</span> <span class='ocrx_word' id='word_1_179' title='bbox 1190 2062 1296 2126; x_wconf 87' lang='lat' dir='ltr'>nomine</span> 
     </span>
     <span class='ocr_line' id='line_1_22' title="bbox 340 2137 1297 2228; baseline 0 -27"><span class='ocrx_word' id='word_1_180' title='bbox 340 2137 426 2204; x_wconf 85' lang='lat' dir='ltr'>facile</span> <span class='ocrx_word' id='word_1_181' title='bbox 446 2143 551 2214; x_wconf 81' lang='lat' dir='ltr'>conjici</span> <span class='ocrx_word' id='word_1_182' title='bbox 599 2145 697 2222; x_wconf 75' lang='lat' dir='ltr'>otest,</span> <span class='ocrx_word' id='word_1_183' title='bbox 725 2146 780 2208; x_wconf 85' lang='lat' dir='ltr'>nifi</span> <span class='ocrx_word' id='word_1_184' title='bbox 803 2164 904 2209; x_wconf 89' lang='lat' dir='ltr'>turne</span> <span class='ocrx_word' id='word_1_185' title='bbox 932 2147 1033 2210; x_wconf 88' lang='lat' dir='ltr'>dedita</span> <span class='ocrx_word' id='word_1_186' title='bbox 1060 2166 1152 2228; x_wconf 87' lang='lat' dir='ltr'>opera</span> <span class='ocrx_word' id='word_1_187' title='bbox 1172 2165 1207 2205; x_wconf 85' lang='lat' dir='ltr'>ex</span> <span class='ocrx_word' id='word_1_188' title='bbox 1234 2140 1297 2219; x_wconf 81' lang='lat' dir='ltr'>insu·</span> 
     </span>
    </p>
   </div>
   <div class='ocr_carea' id='block_1_4' title="bbox 336 2164 1299 2316">
    <p class='ocr_par' dir='ltr' id='par_1_5' title="bbox 336 2164 1299 2316">
     <span class='ocr_line' id='line_1_23' title="bbox 336 2164 1299 2316; baseline 0.002 -33"><span class='ocrx_word' id='word_1_189' title='bbox 336 2237 414 2312; x_wconf 66' lang='lat' dir='ltr'>per,</span> <span class='ocrx_word' id='word_1_190' title='bbox 440 2217 556 2300; x_wconf 76' lang='lat' dir='ltr'>Insuber</span> <span class='ocrx_word' id='word_1_191' title='bbox 576 2164 667 2289; x_wconf 57' lang='lat' dir='ltr'>baisse</span> <span class='ocrx_word' id='word_1_192' title='bbox 687 2227 787 2309; x_wconf 88' lang='lat' dir='ltr'>inepte</span> <span class='ocrx_word' id='word_1_193' title='bbox 808 2226 980 2291; x_wconf 75' lang='lat' dir='ltr'>insimules.</span> <span class='ocrx_word' id='word_1_194' title='bbox 1010 2228 1076 2289; x_wconf 90' lang='lat' dir='ltr'>Hos</span> <span class='ocrx_word' id='word_1_195' title='bbox 1098 2225 1228 2316; x_wconf 80' lang='lat' dir='ltr'>sequitur</span> <span class='ocrx_word' id='word_1_196' title='bbox 1245 2221 1299 2285; x_wconf 61' lang='lat' dir='ltr'>He*</span> 
     </span>
    </p>
   </div>
   <div class='ocr_carea' id='block_1_5' title="bbox 339 2300 1343 3830">
    <p class='ocr_par' dir='ltr' id='par_1_6' title="bbox 339 2300 1343 3830">
     <span class='ocr_line' id='line_1_24' title="bbox 342 2300 1299 2390; baseline 0 -27"><span class='ocrx_word' id='word_1_197' title='bbox 342 2317 463 2378; x_wconf 82' lang='lat' dir='ltr'>ratius,</span> <span class='ocrx_word' id='word_1_198' title='bbox 490 2305 545 2387; x_wconf 88' lang='lat' dir='ltr'>qui</span> <span class='ocrx_word' id='word_1_199' title='bbox 565 2305 596 2365; x_wconf 91' lang='lat' dir='ltr'>in</span> <span class='ocrx_word' id='word_1_200' title='bbox 617 2306 720 2387; x_wconf 86' lang='lat' dir='ltr'>Satyra</span> <span class='ocrx_word' id='word_1_201' title='bbox 741 2325 847 2390; x_wconf 89' lang='lat' dir='ltr'>quarta</span> <span class='ocrx_word' id='word_1_202' title='bbox 867 2300 982 2370; x_wconf 91' lang='lat' dir='ltr'>secundi</span> <span class='ocrx_word' id='word_1_203' title='bbox 1003 2302 1070 2369; x_wconf 85' lang='lat' dir='ltr'>libri</span> <span class='ocrx_word' id='word_1_204' title='bbox 1093 2307 1137 2367; x_wconf 84' lang='lat' dir='ltr'>ita</span> <span class='ocrx_word' id='word_1_205' title='bbox 1160 2318 1226 2366; x_wconf 86' lang='lat' dir='ltr'>ait:</span> <span class='ocrx_word' id='word_1_206' title='bbox 1253 2305 1299 2365; x_wconf 78' lang='lat' dir='ltr'>Ur·</span> 
     </span>
     <span class='ocr_line' id='line_1_25' title="bbox 342 2381 1342 2469; baseline 0.005 -28"><span class='ocrx_word' id='word_1_207' title='bbox 342 2382 396 2457; x_wconf 81' lang='lat' dir='ltr'>de,</span> <span class='ocrx_word' id='word_1_208' title='bbox 420 2381 529 2462; x_wconf 67' lang='lat' dir='ltr'>&amp;quo</span> <span class='ocrx_word' id='word_1_209' title='bbox 545 2387 673 2446; x_wconf 75' lang='lat' dir='ltr'>Catius?</span> <span class='ocrx_word' id='word_1_210' title='bbox 695 2402 728 2449; x_wconf 93' lang='lat' dir='ltr'>ut</span> <span class='ocrx_word' id='word_1_211' title='bbox 744 2405 852 2468; x_wconf 87' lang='lat' dir='ltr'>negare</span> <span class='ocrx_word' id='word_1_212' title='bbox 872 2409 933 2450; x_wconf 92' lang='lat' dir='ltr'>non</span> <span class='ocrx_word' id='word_1_213' title='bbox 954 2387 1041 2469; x_wconf 81' lang='lat' dir='ltr'>poffis</span> <span class='ocrx_word' id='word_1_214' title='bbox 1057 2431 1067 2462; x_wconf 89' lang='lat'>‚</span> <span class='ocrx_word' id='word_1_215' title='bbox 1090 2388 1195 2448; x_wconf 90' lang='lat' dir='ltr'>Romae</span> <span class='ocrx_word' id='word_1_216' title='bbox 1211 2382 1299 2444; x_wconf 85' lang='lat' dir='ltr'>Catio·</span> <span class='ocrx_word' id='word_1_217' title='bbox 1341 2441 1342 2446; x_wconf 73' lang='grc'>,</span> 
     </span>
     <span class='ocr_line' id='line_1_26' title="bbox 343 2462 1343 2610; baseline 0.003 -89"><span class='ocrx_word' id='word_1_218' title='bbox 343 2480 411 2522; x_wconf 83' lang='lat' dir='ltr'>rum</span> <span class='ocrx_word' id='word_1_219' title='bbox 431 2462 617 2542; x_wconf 83' lang='lat' dir='ltr'>Familiam,</span> <span class='ocrx_word' id='word_1_220' title='bbox 645 2486 769 2610; x_wconf 68' lang='lat' dir='ltr'>eamtlue</span> <span class='ocrx_word' id='word_1_221' title='bbox 790 2468 913 2530; x_wconf 90' lang='lat' dir='ltr'>minime</span> <span class='ocrx_word' id='word_1_222' title='bbox 934 2464 1123 2550; x_wconf 83' lang='lat' dir='ltr'>ignobilem,</span> <span class='ocrx_word' id='word_1_223' title='bbox 1154 2465 1201 2527; x_wconf 88' lang='lat' dir='ltr'>vel</span> <span class='ocrx_word' id='word_1_224' title='bbox 1221 2464 1298 2543; x_wconf 84' lang='lat' dir='ltr'>longo</span> <span class='ocrx_word' id='word_1_225' title='bbox 1340 2498 1343 2524; x_wconf 68' lang='grc' dir='ltr'>ι</span> 
     </span>
     <span class='ocr_line' id='line_1_27' title="bbox 343 2542 1343 2630; baseline 0.003 -31"><span class='ocrx_word' id='word_1_226' title='bbox 343 2558 475 2630; x_wconf 79' lang='lat' dir='ltr'>ternpore</span> <span class='ocrx_word' id='word_1_227' title='bbox 494 2542 601 2607; x_wconf 51' lang='lat' dir='ltr'>fuisses</span> <span class='ocrx_word' id='word_1_228' title='bbox 631 2547 699 2609; x_wconf 90' lang='lat' dir='ltr'>Hoc</span> <span class='ocrx_word' id='word_1_229' title='bbox 731 2567 786 2610; x_wconf 91' lang='lat' dir='ltr'>oco</span> <span class='ocrx_word' id='word_1_230' title='bbox 807 2549 828 2611; x_wconf 82' lang='lat' dir='ltr'>si</span> <span class='ocrx_word' id='word_1_231' title='bbox 851 2548 927 2611; x_wconf 93' lang='lat' dir='ltr'>solus</span> <span class='ocrx_word' id='word_1_232' title='bbox 949 2549 1009 2623; x_wconf 83' lang='lat' dir='ltr'>sis,</span> <span class='ocrx_word' id='word_1_233' title='bbox 1039 2547 1185 2609; x_wconf 89' lang='lat' dir='ltr'>continuo</span> <span class='ocrx_word' id='word_1_234' title='bbox 1206 2542 1299 2604; x_wconf 84' lang='lat' dir='ltr'>haelita·</span> <span class='ocrx_word' id='word_1_235' title='bbox 1338 2564 1343 2610; x_wconf 83' lang='grc' dir='ltr'>ι</span> 
     </span>
     <span class='ocr_line' id='line_1_28' title="bbox 346 2618 1343 2762; baseline 0.004 -77"><span class='ocrx_word' id='word_1_236' title='bbox 346 2618 391 2708; x_wconf 77' lang='lat' dir='ltr'>b¹⁸.</span> <span class='ocrx_word' id='word_1_237' title='bbox 414 2660 424 2695; x_wconf 83' lang='lat'>‚</span> <span class='ocrx_word' id='word_1_238' title='bbox 453 2622 582 2713; x_wconf 76' lang='lat' dir='ltr'>¹quidque</span> <span class='ocrx_word' id='word_1_239' title='bbox 604 2625 774 2708; x_wconf 85' lang='lat' dir='ltr'>respondeas</span> <span class='ocrx_word' id='word_1_240' title='bbox 796 2646 857 2690; x_wconf 91' lang='lat' dir='ltr'>non</span> <span class='ocrx_word' id='word_1_241' title='bbox 879 2622 1022 2691; x_wconf 86' lang='lat' dir='ltr'>habebis:</span> <span class='ocrx_word' id='word_1_242' title='bbox 1044 2645 1152 2690; x_wconf 88' lang='lat' dir='ltr'>verum</span> <span class='ocrx_word' id='word_1_243' title='bbox 1174 2619 1343 2762; x_wconf 61' lang='lat' dir='ltr'>lurp-1</span> 
     </span>
     <span class='ocr_line' id='line_1_29' title="bbox 342 2701 1299 2792; baseline 0.004 -31"><span class='ocrx_word' id='word_1_244' title='bbox 342 2701 393 2761; x_wconf 83' lang='lat' dir='ltr'>lln</span> <span class='ocrx_word' id='word_1_245' title='bbox 416 2701 536 2792; x_wconf 27' lang='lat' dir='ltr'>turfltibr</span> <span class='ocrx_word' id='word_1_246' title='bbox 557 2705 668 2779; x_wconf 85' lang='lat' dir='ltr'>adsint,</span> <span class='ocrx_word' id='word_1_247' title='bbox 690 2704 804 2771; x_wconf 83' lang='lat' dir='ltr'>sortasse</span> <span class='ocrx_word' id='word_1_248' title='bbox 826 2708 881 2771; x_wconf 91' lang='lat' dir='ltr'>tibi</span> <span class='ocrx_word' id='word_1_249' title='bbox 897 2709 928 2770; x_wconf 91' lang='lat' dir='ltr'>in</span> <span class='ocrx_word' id='word_1_250' title='bbox 946 2727 1050 2773; x_wconf 82' lang='lat' dir='ltr'>aurem</span> <span class='ocrx_word' id='word_1_251' title='bbox 1072 2708 1103 2769; x_wconf 90' lang='lat' dir='ltr'>su</span> <span class='ocrx_word' id='word_1_252' title='bbox 1126 2718 1238 2788; x_wconf 75' lang='lat' dir='ltr'>gerent:</span> <span class='ocrx_word' id='word_1_253' title='bbox 1285 2717 1299 2761; x_wconf 80' lang='lat' dir='ltr'>c</span> 
     </span>
     <span class='ocr_line' id='line_1_30' title="bbox 341 2778 1299 2872; baseline -0.003 -23"><span class='ocrx_word' id='word_1_254' title='bbox 341 2778 492 2872; x_wconf 64' lang='lat' dir='ltr'>Romanis⁸</span> <span class='ocrx_word' id='word_1_255' title='bbox 513 2801 615 2853; x_wconf 75' lang='lat' dir='ltr'>¹vocem</span> <span class='ocrx_word' id='word_1_256' title='bbox 638 2785 720 2846; x_wconf 86' lang='lat' dir='ltr'>illam</span> <span class='ocrx_word' id='word_1_257' title='bbox 742 2787 774 2849; x_wconf 89' lang='lat' dir='ltr'>in</span> <span class='ocrx_word' id='word_1_258' title='bbox 795 2788 938 2850; x_wconf 87' lang='lat' dir='ltr'>obscoenis</span> <span class='ocrx_word' id='word_1_259' title='bbox 960 2809 1020 2852; x_wconf 93' lang='lat' dir='ltr'>non</span> <span class='ocrx_word' id='word_1_260' title='bbox 1040 2785 1083 2850; x_wconf 88' lang='lat' dir='ltr'>sui</span> <span class='ocrx_word' id='word_1_261' title='bbox 1104 2808 1138 2849; x_wconf 92' lang='lat' dir='ltr'>e.</span> <span class='ocrx_word' id='word_1_262' title='bbox 1161 2784 1299 2865; x_wconf 84' lang='lat' dir='ltr'>Illosquo·</span> 
     </span>
     <span class='ocr_line' id='line_1_31' title="bbox 345 2857 1299 2999; baseline 0.004 -79"><span class='ocrx_word' id='word_1_263' title='bbox 345 2876 404 2999; x_wconf 49' lang='lat' dir='ltr'>ff</span> <span class='ocrx_word' id='word_1_264' title='bbox 425 2863 538 2922; x_wconf 54' lang='lat' dir='ltr'>audior</span> <span class='ocrx_word' id='word_1_265' title='bbox 567 2866 609 2925; x_wconf 89' lang='lat' dir='ltr'>At</span> <span class='ocrx_word' id='word_1_266' title='bbox 630 2864 815 2931; x_wconf 84' lang='lat' dir='ltr'>Strabones?</span> <span class='ocrx_word' id='word_1_267' title='bbox 846 2867 968 2932; x_wconf 83' lang='lat' dir='ltr'>Belliae?</span> <span class='ocrx_word' id='word_1_268' title='bbox 999 2865 1165 2949; x_wconf 78' lang='lat' dir='ltr'>Scrophae?</span> <span class='ocrx_word' id='word_1_269' title='bbox 1190 2857 1299 2937; x_wconf 68' lang='lat' dir='ltr'>Afiual</span> 
     </span>
     <span class='ocr_line' id='line_1_32' title="bbox 385 2934 1298 3033; baseline 0.003 -32"><span class='ocrx_word' id='word_1_270' title='bbox 385 2934 440 3001; x_wconf 82' lang='lat' dir='ltr'>us?</span> <span class='ocrx_word' id='word_1_271' title='bbox 462 2939 584 3021; x_wconf 79' lang='lat' dir='ltr'>Lupus?</span> <span class='ocrx_word' id='word_1_272' title='bbox 604 2939 635 3004; x_wconf 76' lang='grc' dir='ltr'>δι</span> <span class='ocrx_word' id='word_1_273' title='bbox 657 2944 718 3015; x_wconf 83' lang='lat' dir='ltr'>eius</span> <span class='ocrx_word' id='word_1_274' title='bbox 738 2950 852 3028; x_wconf 91' lang='lat' dir='ltr'>generis</span> <span class='ocrx_word' id='word_1_275' title='bbox 873 2951 1004 3033; x_wconf 87' lang='lat' dir='ltr'>reliqua,</span> <span class='ocrx_word' id='word_1_276' title='bbox 1023 2966 1096 3020; x_wconf 85' lang='lat' dir='ltr'>num</span> <span class='ocrx_word' id='word_1_277' title='bbox 1119 2938 1298 3021; x_wconf 71' lang='lat' dir='ltr'>insani-iustae·</span> 
     </span>
     <span class='ocr_line' id='line_1_33' title="bbox 346 3010 1296 3104; baseline 0.004 -25"><span class='ocrx_word' id='word_1_278' title='bbox 346 3010 437 3080; x_wconf 83' lang='lat' dir='ltr'>runt?</span> <span class='ocrx_word' id='word_1_279' title='bbox 457 3020 511 3089; x_wconf 82' lang='lat' dir='ltr'>Sed</span> <span class='ocrx_word' id='word_1_280' title='bbox 533 3041 552 3082; x_wconf 92' lang='lat' dir='ltr'>a</span> <span class='ocrx_word' id='word_1_281' title='bbox 571 3041 600 3083; x_wconf 88' lang='lat' dir='ltr'>re</span> <span class='ocrx_word' id='word_1_282' title='bbox 616 3024 679 3104; x_wconf 88' lang='lat' dir='ltr'>ipsa</span> <span class='ocrx_word' id='word_1_283' title='bbox 700 3046 737 3087; x_wconf 92' lang='lat' dir='ltr'>ne</span> <span class='ocrx_word' id='word_1_284' title='bbox 757 3027 952 3092; x_wconf 88' lang='lat' dir='ltr'>discedamus.</span> <span class='ocrx_word' id='word_1_285' title='bbox 973 3026 1296 3091; x_wconf 64' lang='lat' dir='ltr'>Mentulauzatinavox</span> 
     </span>
     <span class='ocr_line' id='line_1_34' title="bbox 344 3097 1299 3193; baseline -0.012 -19"><span class='ocrx_word' id='word_1_286' title='bbox 344 3097 404 3188; x_wconf 63' lang='lat' dir='ltr'>esta</span> <span class='ocrx_word' id='word_1_287' title='bbox 425 3101 583 3184; x_wconf 60' lang='lat' dir='ltr'>eisdemque</span> <span class='ocrx_word' id='word_1_288' title='bbox 605 3124 673 3166; x_wconf 91' lang='lat' dir='ltr'>cum</span> <span class='ocrx_word' id='word_1_289' title='bbox 694 3107 827 3189; x_wconf 87' lang='lat' dir='ltr'>Priapo,</span> <span class='ocrx_word' id='word_1_290' title='bbox 848 3126 937 3193; x_wconf 90' lang='lat' dir='ltr'>atque</span> <span class='ocrx_word' id='word_1_291' title='bbox 959 3110 1076 3173; x_wconf 88' lang='lat' dir='ltr'>Latinis</span> <span class='ocrx_word' id='word_1_292' title='bbox 1097 3108 1132 3169; x_wconf 90' lang='lat' dir='ltr'>in</span> <span class='ocrx_word' id='word_1_293' title='bbox 1152 3127 1189 3168; x_wconf 87' lang='lat' dir='ltr'>ea</span> <span class='ocrx_word' id='word_1_294' title='bbox 1208 3103 1299 3166; x_wconf 65' lang='lat' dir='ltr'>obsco</span> 
     </span>
     <span class='ocr_line' id='line_1_35' title="bbox 346 3179 1300 3268; baseline 0.004 -29"><span class='ocrx_word' id='word_1_295' title='bbox 346 3195 442 3241; x_wconf 83' lang='lat' dir='ltr'>nitate</span> <span class='ocrx_word' id='word_1_296' title='bbox 463 3179 544 3256; x_wconf 83' lang='lat' dir='ltr'>fuit,</span> <span class='ocrx_word' id='word_1_297' title='bbox 564 3202 626 3266; x_wconf 86' lang='lat' dir='ltr'>qua</span> <span class='ocrx_word' id='word_1_298' title='bbox 644 3185 735 3249; x_wconf 86' lang='lat' dir='ltr'>etiam</span> <span class='ocrx_word' id='word_1_299' title='bbox 756 3191 834 3268; x_wconf 81' lang='lat' dir='ltr'>apud</span> <span class='ocrx_word' id='word_1_300' title='bbox 856 3211 909 3253; x_wconf 90' lang='lat' dir='ltr'>nos</span> <span class='ocrx_word' id='word_1_301' title='bbox 930 3188 971 3251; x_wconf 90' lang='lat' dir='ltr'>est</span> <span class='ocrx_word' id='word_1_302' title='bbox 991 3207 1060 3252; x_wconf 87' lang='lat' dir='ltr'>tuus</span> <span class='ocrx_word' id='word_1_303' title='bbox 1079 3187 1222 3254; x_wconf 50' lang='lat' dir='ltr'>Caecius«</span> <span class='ocrx_word' id='word_1_304' title='bbox 1239 3181 1300 3245; x_wconf 83' lang='lat' dir='ltr'>Fuit</span> 
     </span>
     <span class='ocr_line' id='line_1_36' title="bbox 345 3259 1298 3353; baseline 0.01 -34"><span class='ocrx_word' id='word_1_305' title='bbox 345 3259 565 3353; x_wconf 27' lang='lat' dir='ltr'>tamenfhomo</span> <span class='ocrx_word' id='word_1_306' title='bbox 584 3266 724 3330; x_wconf 86' lang='lat' dir='ltr'>Mentula</span> <span class='ocrx_word' id='word_1_307' title='bbox 742 3268 888 3345; x_wconf 82' lang='lat' dir='ltr'>nomine,</span> <span class='ocrx_word' id='word_1_308' title='bbox 917 3272 950 3330; x_wconf 91' lang='lat' dir='ltr'>iu</span> <span class='ocrx_word' id='word_1_309' title='bbox 976 3289 1066 3353; x_wconf 90' lang='lat' dir='ltr'>quern</span> <span class='ocrx_word' id='word_1_310' title='bbox 1089 3266 1229 3329; x_wconf 85' lang='lat' dir='ltr'>Catullus</span> <span class='ocrx_word' id='word_1_311' title='bbox 1245 3281 1298 3329; x_wconf 76' lang='lat' dir='ltr'>nou</span> 
     </span>
     <span class='ocr_line' id='line_1_37' title="bbox 341 3333 1298 3435; baseline 0.007 -39"><span class='ocrx_word' id='word_1_312' title='bbox 341 3333 430 3431; x_wconf 78' lang='lat' dir='ltr'>semel</span> <span class='ocrx_word' id='word_1_313' title='bbox 451 3360 587 3435; x_wconf 76' lang='lat' dir='ltr'>locatur.</span> <span class='ocrx_word' id='word_1_314' title='bbox 616 3346 718 3409; x_wconf 83' lang='lat' dir='ltr'>Cunus</span> <span class='ocrx_word' id='word_1_315' title='bbox 739 3348 812 3412; x_wconf 89' lang='lat' dir='ltr'>item</span> <span class='ocrx_word' id='word_1_316' title='bbox 833 3350 974 3414; x_wconf 88' lang='lat' dir='ltr'>Latinum</span> <span class='ocrx_word' id='word_1_317' title='bbox 996 3349 1036 3411; x_wconf 86' lang='lat' dir='ltr'>est</span> <span class='ocrx_word' id='word_1_318' title='bbox 1058 3348 1186 3412; x_wconf 87' lang='lat' dir='ltr'>verbum</span> <span class='ocrx_word' id='word_1_319' title='bbox 1202 3389 1212 3421; x_wconf 89' lang='lat'>‚</span> <span class='ocrx_word' id='word_1_320' title='bbox 1230 3340 1298 3426; x_wconf 91' lang='lat' dir='ltr'>quod</span> 
     </span>
     <span class='ocr_line' id='line_1_38' title="bbox 342 3421 1342 3515; baseline 0.007 -35"><span class='ocrx_word' id='word_1_321' title='bbox 342 3431 396 3506; x_wconf 71' lang='lat' dir='ltr'>tua</span> <span class='ocrx_word' id='word_1_322' title='bbox 415 3421 467 3483; x_wconf 84' lang='lat' dir='ltr'>ista</span> <span class='ocrx_word' id='word_1_323' title='bbox 487 3427 654 3515; x_wconf 82' lang='lat' dir='ltr'>rationein</span> <span class='ocrx_word' id='word_1_324' title='bbox 674 3426 736 3508; x_wconf 91' lang='lat' dir='ltr'>pari</span> <span class='ocrx_word' id='word_1_325' title='bbox 756 3472 767 3503; x_wconf 90' lang='lat'>‚</span> <span class='ocrx_word' id='word_1_326' title='bbox 787 3442 876 3512; x_wconf 88' lang='lat' dir='ltr'>atque</span> <span class='ocrx_word' id='word_1_327' title='bbox 888 3430 1025 3503; x_wconf 73' lang='lat' dir='ltr'>Catius,</span> <span class='ocrx_word' id='word_1_328' title='bbox 1046 3426 1238 3491; x_wconf 81' lang='lat' dir='ltr'>obscoenitate</span> <span class='ocrx_word' id='word_1_329' title='bbox 1256 3442 1298 3511; x_wconf 76' lang='lat' dir='ltr'>po·</span> <span class='ocrx_word' id='word_1_330' title='bbox 1340 3480 1342 3497; x_wconf 27' lang='grc' dir='ltr'><em>Λ</em></span> 
     </span>
     <span class='ocr_line' id='line_1_39' title="bbox 341 3501 1297 3588; baseline 0.001 -25"><span class='ocrx_word' id='word_1_331' title='bbox 341 3516 376 3557; x_wconf 82' lang='lat' dir='ltr'>m</span> <span class='ocrx_word' id='word_1_332' title='bbox 395 3501 469 3578; x_wconf 79' lang='lat' dir='ltr'>polle</span> <span class='ocrx_word' id='word_1_333' title='bbox 490 3503 628 3569; x_wconf 58' lang='lat' dir='ltr'>videtum</span> <span class='ocrx_word' id='word_1_334' title='bbox 658 3508 741 3571; x_wconf 88' lang='lat' dir='ltr'>Num</span> <span class='ocrx_word' id='word_1_335' title='bbox 762 3510 806 3571; x_wconf 88' lang='lat' dir='ltr'>ita</span> <span class='ocrx_word' id='word_1_336' title='bbox 825 3511 888 3572; x_wconf 89' lang='lat' dir='ltr'>est.</span> <span class='ocrx_word' id='word_1_337' title='bbox 918 3511 961 3572; x_wconf 85' lang='lat' dir='ltr'>At</span> <span class='ocrx_word' id='word_1_338' title='bbox 982 3510 1085 3571; x_wconf 84' lang='lat' dir='ltr'>Cunus</span> <span class='ocrx_word' id='word_1_339' title='bbox 1115 3509 1247 3588; x_wconf 86' lang='lat' dir='ltr'>optimus</span> <span class='ocrx_word' id='word_1_340' title='bbox 1264 3521 1297 3563; x_wconf 81' lang='lat' dir='ltr'>cr·</span> 
     </span>
     <span class='ocr_line' id='line_1_40' title="bbox 339 3575 1298 3671; baseline 0.008 -36"><span class='ocrx_word' id='word_1_341' title='bbox 339 3575 489 3646; x_wconf 82' lang='lat' dir='ltr'>tharoedus·</span> <span class='ocrx_word' id='word_1_342' title='bbox 510 3585 585 3661; x_wconf 89' lang='lat' dir='ltr'>suit,</span> <span class='ocrx_word' id='word_1_343' title='bbox 606 3588 716 3671; x_wconf 87' lang='lat' dir='ltr'>quique</span> <span class='ocrx_word' id='word_1_344' title='bbox 735 3589 885 3653; x_wconf 84' lang='lat' dir='ltr'>Socratem</span> <span class='ocrx_word' id='word_1_345' title='bbox 906 3586 1093 3653; x_wconf 78' lang='lat' dir='ltr'>&#39;castissimum</span> <span class='ocrx_word' id='word_1_346' title='bbox 1117 3587 1229 3651; x_wconf 83' lang='lat' dir='ltr'>Virum</span> <span class='ocrx_word' id='word_1_347' title='bbox 1246 3580 1298 3671; x_wconf 76' lang='lat' dir='ltr'>fidi·</span> 
     </span>
     <span class='ocr_line' id='line_1_41' title="bbox 342 3657 1296 3752; baseline -0.001 -30"><span class='ocrx_word' id='word_1_348' title='bbox 342 3657 396 3724; x_wconf 87' lang='lat' dir='ltr'>bus</span> <span class='ocrx_word' id='word_1_349' title='bbox 417 3664 517 3730; x_wconf 89' lang='lat' dir='ltr'>docuit</span> <span class='ocrx_word' id='word_1_350' title='bbox 534 3689 544 3740; x_wconf 76' lang='lat'>3</span> <span class='ocrx_word' id='word_1_351' title='bbox 573 3682 667 3750; x_wconf 84' lang='lat' dir='ltr'>neque</span> <span class='ocrx_word' id='word_1_352' title='bbox 688 3685 788 3733; x_wconf 87' lang='lat' dir='ltr'>tamen</span> <span class='ocrx_word' id='word_1_353' title='bbox 809 3670 1092 3752; x_wconf 59' lang='lat' dir='ltr'>curnrappellaretur</span> <span class='ocrx_word' id='word_1_354' title='bbox 1114 3670 1207 3733; x_wconf 90' lang='lat' dir='ltr'>etiam</span> <span class='ocrx_word' id='word_1_355' title='bbox 1228 3663 1296 3725; x_wconf 85' lang='lat' dir='ltr'>abr·</span> 
     </span>
     <span class='ocr_line' id='line_1_42' title="bbox 341 3740 1343 3830; baseline 0.001 -23"><span class='ocrx_word' id='word_1_356' title='bbox 341 3740 393 3822; x_wconf 81' lang='lat' dir='ltr'>pso</span> <span class='ocrx_word' id='word_1_357' title='bbox 413 3745 530 3810; x_wconf 86' lang='lat' dir='ltr'>Socrate</span> <span class='ocrx_word' id='word_1_358' title='bbox 550 3746 726 3811; x_wconf 78' lang='lat' dir='ltr'>sanslillimo</span> <span class='ocrx_word' id='word_1_359' title='bbox 748 3750 849 3826; x_wconf 89' lang='lat' dir='ltr'>Viro,</span> <span class='ocrx_word' id='word_1_360' title='bbox 878 3753 938 3815; x_wconf 91' lang='lat' dir='ltr'>alio</span> <span class='ocrx_word' id='word_1_361' title='bbox 957 3750 1104 3825; x_wconf 88' lang='lat' dir='ltr'>nornine,</span> <span class='ocrx_word' id='word_1_362' title='bbox 1134 3767 1228 3830; x_wconf 84' lang='lat' dir='ltr'>quam</span> <span class='ocrx_word' id='word_1_363' title='bbox 1247 3741 1294 3801; x_wconf 75' lang='lat'>(3⁰-</span> <span class='ocrx_word' id='word_1_364' title='bbox 1340 3773 1343 3808; x_wconf 80' lang='lat' dir='ltr'>r</span> 
     </span>
    </p>
   </div>
   <div class='ocr_carea' id='block_1_6' title="bbox 339 3821 1343 3969">
    <p class='ocr_par' dir='ltr' id='par_1_7' title="bbox 339 3821 1343 3969">
     <span class='ocr_line' id='line_1_43' title="bbox 339 3821 1343 3969; baseline -0.002 -77"><span class='ocrx_word' id='word_1_365' title='bbox 339 3845 408 3910; x_wconf 86' lang='lat' dir='ltr'>uo,</span> <span class='ocrx_word' id='word_1_366' title='bbox 428 3849 522 3914; x_wconf 86' lang='lat' dir='ltr'>neque</span> <span class='ocrx_word' id='word_1_367' title='bbox 544 3829 604 3895; x_wconf 81' lang='lat' dir='ltr'>ulla</span> <span class='ocrx_word' id='word_1_368' title='bbox 622 3830 744 3895; x_wconf 87' lang='lat' dir='ltr'>honoris</span> <span class='ocrx_word' id='word_1_369' title='bbox 764 3830 931 3914; x_wconf 72' lang='lat' dir='ltr'>prolatione</span> <span class='ocrx_word' id='word_1_370' title='bbox 951 3830 1111 3909; x_wconf 79' lang='lat' dir='ltr'>adhibita,</span> <span class='ocrx_word' id='word_1_371' title='bbox 1137 3821 1291 3969; x_wconf 48' lang='lat' dir='ltr'>appenlllrab*</span> <span class='ocrx_word' id='word_1_372' title='bbox 1336 3831 1343 3890; x_wconf 93' lang='lat' dir='ltr'>l</span> 
     </span>
    </p>
   </div>
   <div class='ocr_carea' id='block_1_7' title="bbox 0 0 1504 4559">
    <p class='ocr_par' dir='ltr' id='par_1_8' title="bbox 0 0 1504 4559">
     <span class='ocr_line' id='line_1_44' title="bbox 0 0 1504 4559; baseline 0 0"><span class='ocrx_word' id='word_1_373' title='bbox 0 0 1504 4559; x_wconf 95' lang='lat' dir='ltr'> </span> 
     </span>
    </p>
   </div>
  </div>
 </body>
</html>
