3000 4559
433 457 644 522 anterior.
670 459 796 521 moon
812 459 1091 523 nummario.
1171 482 1213 543 47

272 534 409 601 ferantur
431 541 562 616 injuria,
583 561 644 604 uuo
664 541 715 614 vi,
737 538 836 602 fraude
857 541 974 602 altero:
995 542 1132 621 posterior
1152 541 1249 607 multo

273 618 448 700 flagitiosior
470 621 525 696 esl,
550 621 652 691 majori
675 641 712 681 ue
731 618 839 700 dignus
861 620 957 695 odio,
978 641 1011 681 ac
1032 622 1178 689 vindisla3
1201 623 1247 684 sed

274 716 392 782 quanto
412 701 445 762 vi
466 698 568 763 tetrior
589 701 630 764 est
651 641 755 774 solus,
777 716 861 761 tanto
882 700 1018 762 omnibus
1040 697 1187 764 fraudibus
1206 704 1248 764 cll

274 799 426 841 venenum
447 779 625 842 sceleratius.
647 782 730 843 Nam
752 796 858 841 catera
875 800 976 841 omnes
995 780 1102 841 infidia
1117 781 1247 862 aliquam

274 856 470 921 defensionem
491 859 595 922 habere
615 860 749 942 possunt:
781 859 851 922 utli
872 861 939 944 quis
961 880 1050 942 quern
1071 860 1184 921 nudum
1205 882 1249 921 ar-

275 955 396 1012 matus3
416 939 437 1000 fi
456 941 544 1002 multi
562 939 676 1010 solum;
697 939 717 999 fi
739 939 804 1001 loco
819 940 963 1024 iniquiore
979 941 1169 1010 adoriantur3
1189 941 1249 1009 ejus

275 1034 381 1079 tamen
395 1021 507 1094 virtus,
529 1038 579 1082 aut
596 1023 682 1089 huius
699 1019 860 1095 timiditas,
875 1039 951 1082 certe
967 1022 1047 1083 casus
1065 1020 1178 1100 semper
1195 1040 1249 1099 op-

273 1097 369 1179 presso
388 1099 503 1182 aliquid
524 1101 589 1180 opis
620 1101 718 1161 afferre
738 1100 851 1181 potest3
874 1101 905 1161 in
925 1120 1039 1163 veneno
1059 1119 1158 1162 aurern
1176 1099 1247 1161 dato

274 1177 361 1240 nulla
381 1179 445 1254 vis,
467 1178 582 1241 nullum
604 1179 764 1261 praesrtlium
785 1225 795 1255 ,
812 1180 895 1242 nulla
916 1179 1059 1256 defenso,
1080 1181 1178 1240 nullus
1199 1201 1247 1240 ca·

272 1256 322 1319 sus
344 1259 523 1339 opitulatur.
547 1259 590 1321 Ut
611 1261 690 1321 enim
712 1261 742 1322 id
763 1261 795 1320 in
817 1281 906 1321 venas
929 1261 1058 1322 hominis
1079 1260 1166 1321 semel
1185 1279 1248 1340 per·

271 1342 407 1412 venerit,
427 1339 452 1400 is
475 1359 529 1419 pro
550 1357 653 1401 necato
673 1339 821 1402 habendus
843 1340 898 1400 est.
919 1343 1018 1416 Quare
1033 1355 1146 1422 quanto
1162 1359 1248 1401 vene·

271 1436 347 1479 num
369 1418 506 1479 omnibus
527 1419 636 1481 infidiis
651 1419 815 1493 crudelius,
835 1436 924 1500 atque
944 1419 1041 1481 minus
1058 1433 1192 1499 paratum
1209 1418 1247 1479 ad

270 1496 517 1572 defendendum,
546 1501 590 1561 ita
620 1499 669 1560 ille
699 1497 843 1559 veneficus
872 1497 1010 1559 omnibus
1031 1495 1247 1559 insrdiatoribur

269 1575 384 1646 majori
404 1575 455 1657 sup
476 1577 544 1639 licio
565 1577 773 1641 excruciandus
795 1578 850 1641 est.
873 1578 1029 1638 Venenum
1050 1577 1178 1660 sequitur
1197 1594 1250 1637 car·

267 1657 325 1717 des
355 1675 416 1717 non
457 1658 533 1718 emel
561 1658 616 1721 tibi
637 1658 822 1733 constituta,
851 1678 917 1740 quae
946 1678 1040 1740 neque
1063 1657 1164 1720 sua&
1186 1657 1248 1736 ipsa

270 1734 435 1816 multiplici
455 1734 554 1800 fraude
567 1755 661 1801 caret.
685 1739 768 1799 Nam
788 1759 856 1800 cum
878 1737 974 1800 illese
992 1737 1045 1800 tibi
1063 1735 1172 1800 vitibus
1190 1736 1246 1797 irn-

313 1834 376 1876 rem
396 1816 450 1877 esse
472 1815 580 1893 sciret,
611 1835 643 1880 ut
663 1817 734 1881 dolo
756 1816 883 1899 superior
903 1817 988 1893 ellet,
1010 1815 1108 1892 vaste,
1129 1838 1163 1879 ac
1185 1835 1246 1877 ma·

288 1893 369 1956 'tiose
388 1895 536 1971 studebam
556 1897 691 1961 sedtum
712 1897 774 1969 eius
794 1899 937 1974 infidias,
957 1916 1046 1981 atque
1066 1897 1186 1961 consilia
1207 1895 1243 1956 ad

271 1972 391 2063 infidias
411 1978 588 2058 pertinentia
606 1977 782 2054 confidem,
810 1979 864 2041 nili
894 1977 994 2040 caussa
1014 1977 1190 2058 mrgnitudo
1213 1975 1243 2036 id

271 2053 445 2136 prohibent,
467 2057 501 2118 in
542 2079 580 2118 ua
601 2061 683 2132 vita,
704 2057 736 2119 ἃ
756 2079 835 2120 mors
856 2059 972 2137 agitur,
993 2057 1080 2119 risum
1102 2059 1154 2119 vix
1175 2075 1245 2117 con·

271 2133 367 2197 tinere
387 2078 938 2216 pollcm.‘infidiaetamensa&aesunt,
958 2156 1039 2197 arma
1056 2152 1244 2213 comparata,

272 2210 361 2279 locus
368 2215 562 2291 constitutus,
581 2216 695 2278 adeum
704 2215 819 2277 aditum
826 2215 885 2284 ell3
900 2214 980 2294 quod
990 2213 1107 2300 perinde
1122 2214 1180 2283 est,
1200 2228 1248 2271 at·

267 2312 329 2377 que
350 2295 443 2355 etiarn
463 2294 484 2354 fi
504 2296 592 2356 medes
612 2293 689 2354 salla
709 2293 777 2354 esset
799 2313 809 2363 ;
860 2293 957 2353 uando
977 2292 1009 2350 in
1029 2291 1113 2351 cadis
1133 2289 1246 2351 accusa·

266 2388 354 2436 ttone
374 2392 436 2435 non
458 2372 578 2445 solum,
599 2372 619 2431 fi
640 2371 728 2433 caedes
748 2313 904 2443 saflairt,
926 2368 971 2430 sed
992 2371 1082 2431 etiam
1104 2369 1157 2450 qui
1178 2368 1245 2430 sica·

265 2454 306 2515 rii
329 2452 447 2514 animus
467 2448 584 2527 fuerit,
612 2451 782 2524 judicatur,
814 2467 847 2511 ut
877 2469 945 2511 curn
967 2452 1024 2511 hoc
1046 2449 1097 2510 iste
1120 2465 1244 2529 utroque

265 2530 364 2595 modo
387 2548 415 2591 te
435 2530 595 2594 interficere
615 2530 796 2613 quaefiverit,
816 2551 839 2591 ae
862 2550 897 2591 ue
918 2530 947 2589 id
970 2531 1003 2592 lit
1019 2574 1029 2604 ,
1048 2547 1137 2611 atque
1157 2529 1178 2591 li
1200 2530 1243 2589 in·

269 2609 452 2674 tersecillet.
483 2612 525 2673 Ut
557 2611 686 2694 undique
708 2612 832 2672 reumh
888 2629 919 2670 as
940 2631 1000 2672 non
1021 2608 1115 2672 solum
1136 2609 1242 2699 capitis

266 2691 463 2766 damnatum,
484 2691 548 2769 sed,
564 2692 584 2753 s1
601 2691 763 2754 multorum
781 2690 871 2753 etiam
889 2689 922 2752 fit
938 2690 1088 2772 capitum,
1104 2710 1241 2752 omnium

265 2770 395 2852 dignus,
415 2772 468 2854 qui
489 2774 749 2835 condemnaretur.
769 2774 839 2847 Quo
860 2771 952 2851 igitur
974 2792 1031 2853 ego
1054 2791 1102 2833 me
1119 2790 1241 2834 conver·

267 2865 333 2912 tam
351 2849 363 2911 ἓ
384 2871 445 2991 qsua
463 2871 519 2941 ego
539 2869 604 2914 utar
626 2848 814 2914 defensone?
842 2854 924 2919 curus
946 2872 1032 2932 opem
1054 2848 1240 2930 implorabo?

266 2949 338 2992 eum
364 2931 424 3011 ipe
448 2946 541 2992 etiarn
564 2932 640 2993 mihi
663 2929 842 2994 adversarius
867 2932 919 2991 sun
944 2928 1147 3012 equissimus?
1169 2948 1240 2990 cum

267 3008 345 3073 reste
365 3029 449 3071 reum
469 3031 568 3073 meum
588 3011 762 3071 damnatum
784 3012 837 3072 elle
858 3010 918 3089 ipse
946 3030 1066 3091 quoque
1085 3006 1242 3077 confitear,

267 3108 337 3151 cum
367 3088 445 3151 nihil
465 3111 484 3152 a
506 3109 579 3164 mc,
606 3111 624 3150 a
645 3105 674 3150 tc
694 3089 798 3151 omnia
823 3088 877 3149 elle
905 3089 1049 3160 videam,
1078 3106 1112 3146 ac
1140 3082 1240 3145 telier?

267 3169 354 3231 Num
382 3167 463 3251 quod
482 3171 576 3231 caeteri
595 3169 735 3228 Oratores
757 3167 789 3226 in
804 3167 858 3226 tali
879 3186 910 3226 re
939 3165 1031 3226 facere
1058 3163 1175 3236 solent,
1203 3162 1241 3225 ad

266 3249 385 3330 generis
406 3248 612 3318 nobilitatem3
634 3245 670 3306 ad
687 3244 838 3315 Malorum
855 3245 977 3313 merita,
998 3243 1033 3304 ad
1052 3243 1136 3311 hujus
1153 3241 1239 3323 ipfiur

267 3328 457 3391 adolescentis
487 3327 566 3410 spem
596 3327 720 3397 ullam,
750 3339 784 3385 ut
810 3324 915 3384 melius
944 3322 1004 3384 sore
1030 3321 1238 3397 confidamm,

266 3407 469 3489 confugiam?
499 3411 604 3491 Neque
634 3408 766 3477 horum,
795 3403 956 3483 Princeps,
983 3401 1140 3485 quitquam
1169 3402 1237 3467 satir

266 3488 426 3550 commode
449 3485 539 3549 lacere
556 3487 684 3569 pullum.
706 3485 789 3546 Nam
809 3487 922 3564 generis
941 3482 1106 3563 amplitudo
1125 3484 1152 3545 ei
1168 3503 1238 3566 prz-

269 3567 313 3630 llo
334 3567 427 3629 adelle
447 3567 544 3644 solet,
572 3570 625 3650 qui
646 3568 681 3627 de
701 3564 873 3646 dignitate,
894 3562 1004 3644 quique
1026 3563 1063 3624 de
1083 3564 1148 3626 loco
1168 3585 1237 3628 cum

270 3648 371 3711 minus
392 3647 485 3708 nobili
507 3646 689 3720 contendat,
712 3666 774 3706 non
799 3660 897 3705 autern
921 3644 965 3716 ei,
989 3645 1041 3726 qui
1060 3642 1087 3705 se
1103 3643 1152 3706 sua
1175 3662 1236 3707 tur-

269 3727 405 3806 pitudine
433 3728 500 3787 coin
524 3728 660 3800 uinarit,
688 3724 801 3807 suisque
830 3721 981 3785 maleficiis
1013 3724 1049 3785 de
1069 3723 1098 3784 se
1117 3725 1236 3807 pessime

270 3809 396 3870 meritus
416 3806 469 3884 fit,
523 3807 542 3870 li
560 3805 688 3887 praefidio
701 3804 755 3869 else
771 3803 870 3867 deber.
893 3806 965 3881 Qua
982 3823 1053 3868 vero
1070 3803 1237 3875 Malorum,

1141 3897 1196 3942 aut
