3000 4559
502 501 917 563 ORATIONE&
1115 523 1152 586 ss

224 580 369 663 gligentes
397 581 461 644 eliis
484 582 515 643 in
544 582 641 645 vellrae
671 582 813 644 Civitatis
841 582 986 663 dignitate
1014 585 1188 663 retinenda,

219 672 314 755 atque
334 663 422 724 etiam
445 661 634 725 condonanda
653 684 661 730 3
684 663 734 744 qui
756 682 820 723 earn
842 661 1005 724 concedatis
1026 667 1114 727 etiam
1134 670 1188 743 iis,

218 758 276 820 qur
296 740 347 803 fibi
370 743 437 805 satis
459 741 561 804 habere
582 757 712 823 putant,
735 741 755 801 st
777 741 893 816 dicant,
916 742 1001 804 Civis
1025 743 1106 805 sum?
1126 748 1189 810 Cur

221 838 282 882 non
304 822 466 897 mecum,si
489 823 582 884 vestra
604 822 704 889 sponte
734 820 763 882 id
787 843 844 883 non
865 819 968 883 fecistis
985 842 1009 896 ,·
1028 823 1071 892 jus
1091 828 1189 889 velltae

217 899 363 963 Civitatis
393 899 578 986 perquiritis?
611 901 758 970 Malorum
788 901 947 963 vestrorunt
968 903 1110 966 inllituris
1130 927 1189 967 non

218 980 348 1061 paretis?
375 999 463 1066 atque
485 981 515 1043 in
538 983 617 1053 hoc,
647 981 725 1065 quod
748 980 780 1043 in
809 984 915 1044 caeteris
946 983 1085 1045 omnibus
1109 984 1190 1047 sadli-

221 1075 317 1122 tatum
340 1061 405 1136 est,
426 1058 559 1123 efficitis?
581 1060 641 1121 Cur
661 1080 720 1122 non
741 1062 836 1144 magis
858 1064 900 1130 jus
922 1061 1023 1124 dandae
1045 1063 1188 1127 Civitatis

218 1138 253 1200 in
274 1140 367 1203 vestra
395 1141 502 1214 Urbe,
534 1160 622 1222 quam
645 1142 811 1204 Graeculum
841 1141 899 1203 fine
923 1142 975 1205 illo
1004 1144 1035 1203 in
1055 1143 1190 1207 Civitate

215 1218 342 1299 retinete
363 1218 498 1282 studetis?
528 1221 579 1303 qui
601 1221 713 1281 nullum
744 1221 924 1282 domicilium
947 1225 1086 1303 temporis
1110 1226 1189 1307 Lege

164 1334 172 1343 -
217 1295 250 1358 in
273 1299 362 1362 Italia
388 1299 550 1375 habuerit,
580 1300 665 1381 Legis
688 1299 828 1362 beneficio
857 1301 986 1363 exclusus
1002 1303 1057 1377 ell,
1079 1304 1104 1363 ei
1126 1300 1189 1367 Lex

162 1428 168 1439 .
215 1377 302 1441 nulla
322 1379 384 1441 lata
406 1379 471 1453 est,
495 1379 570 1440 nihil
591 1378 770 1460 opitulatur.
799 1381 842 1441 Ut
864 1381 1004 1442 continuo
1034 1383 1120 1463 Legis
1142 1384 1189 1444 be-

162 1498 168 1521 ·.
214 1456 325 1520 neficio
346 1458 429 1520 Civis
460 1460 507 1521 hic
530 1458 626 1520 nullus
648 1458 696 1519 stt.
727 1459 793 1520 Reli
817 1479 913 1535 uum,
943 1460 1022 1550 quod
1044 1462 1115 1541 Legi
1138 1463 1188 1523 ad-

162 1562 170 1601 t
213 1533 352 1605 sanciunt
370 1537 434 1614 est,
454 1539 593 1629 quodque
613 1558 678 1599 eam
699 1537 778 1621 sequi
795 1479 878 1600 lebet
896 1583 905 1612 ,
926 1538 1095 1602 videamus.
1119 1542 1187 1603 Moe

162 1642 172 1679 r
210 1614 430 1707 adjudices,
453 1636 555 1701 utqui
578 1638 698 1709 quoquo
721 1617 809 1680 modo
831 1621 862 1680 in
878 1618 1042 1681 Civitatem
1060 1622 1188 1684 nostram

162 1712 325 1775 :,venrt,
346 1699 370 1759 is
391 1699 576 1779 posteauuam
598 1719 628 1759 tn
651 1717 717 1759 eam
740 1714 871 1779 acceptus
892 1698 947 1775 est,
969 1698 1098 1761 Tabulas
1120 1721 1188 1762 con·

162 1804 172 1837 t
213 1774 322 1854 ficiat,
344 1778 448 1860 quibus
464 1800 523 1841 non
547 1777 639 1841 solum
662 1776 712 1840 srbi
729 1823 738 1853 ,
758 1796 859 1841 verum
881 1779 969 1840 etiam
989 1779 1108 1861 polletis
1130 1780 1187 1843 suis

162 1908 164 1917 .
215 1855 306 1946 probe
334 1859 504 1940 prospiciat.
532 1859 562 1921 Si
584 1878 639 1941 ego
660 1858 695 1921 de
717 1874 772 1934 te,
803 1859 928 1934 Archia,
949 1879 1091 1941 quaeram,
1125 1877 1185 1937 ut,

162 1955 179 1999 a
213 1935 281 1996 illas
300 1938 431 2000 Tabulas
452 1933 596 2020 proferas,
626 1937 697 2021 quid
720 1938 918 2021 respondebis?
948 1938 1055 2002 Nullas
1080 1940 1186 2003 habete

162 2040 175 2077 t
215 2031 262 2091 te,
284 2017 464 2100 respondebis
486 2064 497 2078 ..
526 2019 632 2079 Nullas
654 2020 734 2078 enirn
756 2020 849 2079 adhuc
873 2019 1033 2099 protulisti.
1049 2020 1100 2080 Tu
1117 2040 1187 2083 con·

162 2120 179 2157 ι
214 2096 304 2158 tinuo'
323 2099 384 2179 poll
406 2097 634 2160 Heracliensium
664 2097 888 2179 adscriptionem
911 2098 946 2159 de
966 2098 1099 2159 omnium
1122 2120 1187 2160 mo·

162 2198 172 2237 a
209 2195 264 2251 re,
293 2193 380 2259 atque
402 2177 610 2238 consuetudine
632 2196 733 2236 eortrm
756 2177 897 2238 Civitatis
920 2177 1004 2236 adita
1025 2221 1034 2250 ‚
1055 2177 1184 2237 Tabulas

162 2250 176 2315 Ξ
210 2270 278 2319 tuas
296 2277 369 2318 ·non
390 2255 523 2317 conficis.
554 2255 667 2336 Ecquid
696 2255 751 2314 hoc
772 2254 811 2314 est
833 2255 983 2334 ignavia,
1016 2275 1053 2315 an
1076 2257 1188 2335 impru-

165 2386 172 2393 .
206 2335 338 2400 dentia?
369 2336 474 2395 Itane
504 2336 637 2408 intua,
669 2349 757 2413 atque
787 2348 906 2393 tuorum
937 2348 1019 2397 tanta
1039 2333 1185 2415 dignitate

162 2436 172 2475 e
205 2428 277 2481 tam
310 2414 451 2488 socorde‚
481 2430 601 2495 tamque
631 2432 733 2494 parum
756 2412 911 2492 prudenter
933 2411 1015 2493 agis?
1045 2412 1186 2477 Praeterea

166 2514 173 2549 ὲ
202 2517 285 2563 vero
306 2515 357 2557 cur
378 2514 395 2556 a
415 2493 621 2556 consuetudine
642 2539 651 2568 ,
677 2509 765 2574 atque
788 2491 923 2553 omnium
945 2491 1083 2572 instituto,
1100 2493 1187 2555 disce}

162 2592 171 2631 Ξ
202 2575 280 2642 dis?
310 2576 393 2637 Num
416 2573 526 2637 sortasse
548 2572 670 2655 putasti,
693 2592 752 2633 rem
773 2587 891 2633 tantam
913 2571 997 2654 vulgi
1018 2574 1184 2655 opinione,

162 2668 171 2707 ²
203 2678 303 2743 atque
331 2656 485 2717 hominum
508 2653 684 2715 sermonibus
707 2668 824 2715 rantum
850 2652 906 2713 niti
930 2652 1081 2734 oportere?
1110 2654 1183 2715 Non

162 2752 170 2787 ‘-
200 2756 240 2804 tu
268 2758 324 2813 es,
347 2736 473 2810 Archia,
493 2752 554 2797 tarn
576 2734 695 2808 stultus,
713 2752 806 2815 neque
827 2731 944 2794 Civitas
966 2733 1102 2795 Romana
1119 2751 1184 2796 tam
1266 2782 1271 2803 ,

162 2832 170 2871 ῑ
200 2821 312 2890 vilis,
340 2824 459 2897 tamque
488 2829 679 2895 contempta.
710 2814 809 2875 Nimis
837 2812 917 2873 enim
949 2813 1054 2895 cuique
1080 2832 1183 2903 prom·

162 2914 171 2953 :
195 2917 299 2983 ptum
318 2937 327 2968 ,
348 2910 434 2975 atque
456 2894 622 2975 expeditum
644 2891 712 2954 esset
733 2894 764 2954 in
784 2894 860 2952 hanc
882 2891 1046 2953 Civitatem
1079 2912 1184 2974 irrepe-

162 2992 168 3033 :
195 2998 268 3052 re,
300 2972 377 3034 fiad
397 2973 482 3050 vulgi
512 2973 670 3033 sermonem
698 2973 759 3033 hac
780 2971 1017 3033 constitueretur.
1047 2972 1122 3045 Quis
1152 2991 1182 3031 e·

162 3054 168 3113 l
195 3063 275 3125 arim
298 3051 417 3116 nesciret
446 3051 475 3110 se
494 3052 570 3131 apud
591 3052 704 3132 aliquos
724 3050 832 3113 Civem
856 3050 906 3110 esse
927 3047 1050 3118 rasiare?
1076 3070 1093 3107 a
1115 3048 1182 3129 qui-

162 3152 165 3185 1
194 3136 263 3204 brus
286 3135 384 3216 postea
414 3131 438 3192 is
461 3129 554 3190 sermo
582 3130 617 3188 ad
639 3129 737 3202 alios,
768 3145 856 3208 atque
876 3124 943 3187 inde
975 3124 1038 3214 [ut
1058 3124 1121 3207 fit]
1143 3126 1181 3189 ad

162 3230 164 3269 ἱ
194 3223 286 3284 arios
307 3233 374 3275 cum
397 3210 569 3282 emanasset,
591 3228 625 3269 eo
648 3207 736 3269 modo
757 3207 921 3268 Civitatem
944 3203 994 3266 libr
1014 3201 1123 3266 lutatus
1141 3206 1181 3266 es·

162 3314 164 3319 '
190 3297 272 3364 fet?
294 3294 363 3354 Alia
385 3293 461 3354 ratio
483 3288 547 3362 est,
571 3287 702 3361 Archia,
724 3284 840 3368 aliaque
861 3284 946 3366 Reip.
967 3283 1067 3346 nollrae
1088 3284 1180 3346 admi-

190 3375 361 3443 nistratio.
379 3372 510 3445 Mario,
532 3367 672 3442 Iudices,
694 3365 724 3428 δι
745 3364 906 3438 Ciceroni,
928 3380 961 3426 ut
982 3364 1017 3427 de
1039 3367 1179 3427 recentio-

187 3456 290 3523 tibns
315 3473 425 3535 agam,
454 3450 569 3513 Civitas
592 3447 661 3508 data
681 3445 736 3508 est.
766 3446 837 3506 Non
858 3460 931 3584 puto
953 3464 1000 3506 eos
1026 3460 1087 3507 tam
1110 3444 1179 3509 stul·
1230 3509 1232 3513 ,

186 3553 283 3611 tos,
312 3532 362 3596 etsi
385 3546 505 3614 uterque
533 3528 686 3611 egregiis,
715 3541 805 3609 atque
835 3523 855 3584 il
871 3521 989 3614 uslribus
1019 3524 1049 3614 in
1072 3526 1177 3611 Remp
1196 3549 1212 3582 n

187 3612 324 3683 metitis
344 3633 408 3675 earn
428 3608 562 3693 quotidie
581 3605 752 3688 comprobat
774 3649 783 3678 ,
806 3608 856 3684 qui
879 3619 953 3665 tanti
975 3605 1091 3676 hutusce
1114 3625 1177 3667 mu·

187 3696 287 3763 netis
308 3692 439 3753 Tabulas
461 3709 520 3751 non
541 3685 733 3762 conseerint,
752 3682 931 3824 quaspue,s1
953 3701 1102 3767 rogentur,
1111 3705 1178 3766 pro-

184 3779 284 3843 ferre
307 3793 367 3833 non
399 3769 520 3852 possint.
549 3767 629 3829 Idetn
653 3765 788 3828 existimo
838 3784 853 3823 e
880 3764 987 3825 caretis
1015 3763 1176 3835 omnibus,

184 3857 261 3945 qui
292 3855 328 3917 in
345 3852 423 3914 hanc
445 3847 606 3912 Civitatem
635 3861 807 3987 venepunt,
835 3842 866 3905 ἃ
886 3842 960 3906 recle
981 3843 1126 3927 quidem,
1146 3837 1177 3900 δι

770 3944 789 3984 a
1069 3939 1136 3999 pru-
