3000 4559
475 499 905 562 ‘'omATtoNcst
1088 525 1127 585 19

193 575 275 650 ties,
296 597 357 668 quo
375 578 466 656 loco,
486 599 603 662 quaque
622 578 796 643 audloritate
815 580 952 663 praeditus
973 579 1032 661 lit,
1053 585 1170 653 Patria·

194 655 361 734 subuenire,
383 660 436 722 nist
458 661 571 725 summa
590 661 758 722 etiamtum
776 658 862 723 laude
915 661 984 726 test.
1005 665 1093 741 Quali
1110 689 1161 730 ve·

194 754 228 797 ro
248 736 362 800 Cloelia
390 737 490 823 [quid
515 741 593 802 enim
611 741 704 811 majus
728 739 855 822 dicipot
903 739 936 825 l]
964 740 1075 810 factum
1095 766 1157 812 non

194 815 333 881 omnibus
354 818 489 883 Historiis
509 819 691 896 celebretur,
720 840 754 882 ac
772 835 912 904 perpetuo
927 823 1019 887 etiam
1036 824 1161 888 celebra·

191 893 291 972 bitur,
313 917 377 980 quar
392 900 482 964 etiam
499 915 601 964 contra
615 898 702 963 fidem
719 899 869 981 publicam
885 901 924 964 ab
943 902 1024 967 hoste
1044 905 1157 968 ndsuoe

191 973 327 1039 Tiberim
343 981 482 1057 tractarit,
506 978 676 1062 fugiensque
695 979 806 1044 hostem
826 978 985 1059 fefellerit,
1008 997 1042 1046 ut
1063 981 1161 1061 suos,

191 1074 256 1137 quo
277 1055 342 1121 loco
360 1079 405 1125 tes
426 1061 554 1124 hostium
571 1059 653 1137 esset,
675 1059 861 1134 admonerett
881 1063 965 1128 utin
986 1061 1087 1130 Patria
1097 1061 1170 1127 sub:

191 1135 341 1221 venienda
361 1139 477 1202 nullum
499 1139 652 1204 discrimen
672 1139 871 1223 agnoscatur,
891 1161 929 1206 an
945 1144 1098 1225 privatus,
1117 1163 1170 1208 an:

190 1213 326 1295 publius
347 1218 378 1281 id
398 1217 510 1284 faciat.
539 1221 581 1281 At
602 1219 718 1301 Leges,
746 1236 835 1304 atque
857 1220 1001 1292 maiorum
1023 1223 1168 1288 instituta:

192 1236 328 1384 regendis
355 1298 482 1362 Urbibus
503 1297 651 1382 praeclaros
673 1299 763 1362 Viros
805 1298 970 1377 raeficiunt,
998 1301 1051 1384 qui
1073 1303 1165 1370 suum

191 1392 241 1437 cut
266 1395 301 1437 ue
321 1376 476 1454 tribuant,
495 1400 553 1452 ac,
575 1378 702 1461 nequid
725 1381 769 1442 Re
784 1399 812 1460 p.
836 1380 1004 1444 detrimenti
1027 1400 1063 1445 ca
1083 1383 1125 1445 iat
1147 1421 1160 1457 ,

214 1472 249 1514 ro
307 1455 442 1521 videant.
463 1458 579 1520 Horum
595 1456 688 1521 suerat
726 1458 835 1522 ublicas
852 1458 972 1528 iniurias
989 1401 1087 1523 uesci
1094 1479 1104 1531 3
1122 1458 1169 1522 de·

189 1471 338 1596 iceleraris
359 1536 481 1601 Civibus
502 1537 675 1620 supplicium
699 1478 823 1601 lirmere.
846 1538 937 1601 Recte
956 1537 1095 1621 quidem,
1110 1557 1169 1601 ne«

187 1631 252 1754 plue
267 1616 580 1699 quicquam'sanuium
603 1617 649 1680 sed
671 1639 731 1681 non
751 1633 905 1700 propterea
920 1634 1022 1683 tamen
1040 1617 1160 1700 optimo

225 1693 272 1756 iro
286 1694 470 1777 ademptum,
490 1698 650 1784 quominus
671 1718 792 1782 quoquo
813 1700 845 1761 in
867 1699 942 1762 {latu
963 1698 997 1763 fit
1017 1697 1167 1762 constitu·

190 1786 266 1849 tus,
294 1794 411 1857 operam
433 1779 515 1842 suam
537 1779 622 1860 Reip.
642 1776 698 1842 suae
716 1778 831 1861 optime
851 1794 885 1841 ut
904 1798 1012 1844 navare
1037 1775 1124 1861 posset
1144 1794 1169 1849 t·

190 1851 247 1916 nist
268 1854 339 1917 item
360 1857 450 1941 impie
470 1858 608 1935 Curtius,
629 1859 683 1942 qui
704 1858 735 1920 iu
758 1861 871 1923 vastum
894 1875 975 1923 terra
996 1857 1158 1921 illumbia-

195 1947 262 1994 tum
284 1935 315 1997 in
335 1956 411 2021 equo
433 1938 460 2003 se
481 1940 630 2014 coniecit,
661 1955 695 2003 ut
718 1938 848 2003 Patriam
868 1938 948 2002 suam
974 1938 1094 2029 reliquis
1115 1935 1167 2003 sa·.

191 2021 265 2075 itam
281 2013 471 2100 relinqueret.
494 2019 521 2081 li
537 2018 676 2102 quidem,
697 2019 926 2094 ludices,Cives
942 2019 1049 2098 optimi
1067 2015 1163 2090 sunt,

215 2093 248 2154 ui
274 2094 361 2164 jurati
379 2098 410 2158 in
436 2098 490 2161 Ma
512 2099 612 2163 istratu
633 2097 857 2179 Rempublicam
884 2097 966 2160 suam
990 2097 1130 2167 adjuvant
1148 2113 1168 2166 3.

192 2111 246 2235 led
268 2194 361 2258 neque
378 2176 423 2237 illi
442 2199 477 2259 pe
499 2198 557 2243 rme
573 2192 674 2240 tamen
692 2191 809 2267 agunt,
838 2177 891 2257 qui
908 2176 1016 2256 privati
1033 2177 1064 2235 in
1083 2171 1163 2234 sum-

195 2271 249 2314 ma
277 2255 424 2319 occasione
449 2256 538 2321 suas
572 2271 623 2318 nte
648 2255 694 2319 illi
718 2256 770 2334 rpsr
800 2276 860 2316 non
884 2254 1020 2322 desunt;
1050 2250 1171 2340 praefer·-

196 2333 254 2399 tim
281 2333 302 2397 st
323 2333 360 2396 ab
383 2333 449 2408 iis,
478 2337 529 2418 qui
550 2354 583 2397 us
611 2334 810 2397 eacommilsa
838 2332 904 2407 est,
933 2347 985 2393 aut
1013 2328 1172 2420 negligent·-

195 2427 260 2485 ter,
282 2427 334 2474 aut
350 2413 470 2489 timide,
491 2430 544 2479 aut
566 2414 656 2475 etiam
678 2429 813 2494 corrupte
833 2428 964 2494 geratur.
986 2410 1101 2500 Magna
1115 2426 1175 2471 vis·

192 2492 255 2565 est,
276 2491 291 2568 J
296 2491 406 2568 udices,
425 2494 517 2558 Patrii
533 2492 659 2569 amoris,
680 2492 772 2564 maior
791 2493 882 2557 etiam
897 2493 1027 2582 Deorum
1049 2502 1163 2572 pietas,

193 2590 323 2657 quorum
350 2573 489 2652 injuriis,
512 2575 565 2660 qui
596 2574 694 2656 suapte
722 2589 828 2639 natura
857 2593 916 2636 non
947 2589 1076 2636 maxime
1096 2586 1163 2629 mo·

195 2665 327 2729 ventur,
346 2673 406 2737 qua
428 2672 458 2717 re
480 2654 540 2720 alia
561 2669 760 2731 moveantur,
780 2674 840 2716 non
861 2651 992 2743 habent..
1007 2649 1073 2732 Ego
1093 2646 1108 2730 [
1127 2659 1166 2739 ut

195 2731 233 2798 de
252 2748 299 2794 me
320 2753 397 2796 nunc
413 2734 529 2818 dicam]
549 2756 617 2797 cum
637 2734 744 2801 Clodio
766 2735 862 2797 nullas
880 2732 1069 2805 inimicitias,
1089 2746 1167 2813 quta

196 2830 295 2892 neque
315 2833 350 2877 ex
379 2834 445 2876 mea
463 2815 606 2880 bonorum
626 2813 759 2880 exilitate
785 2815 944 2954 quictpuam
965 2809 1048 2902 ⁸suit,
1078 2807 1162 2890 quod

162 2949 165 2961 .
195 2909 299 2957 meum
324 2909 498 2972 appeteret,
525 2914 620 2979 neque
640 2915 674 2956 ex
701 2895 756 2959 hac
771 2913 838 2958 mea
881 2891 975 2956 tcendr
992 2888 1163 2977 facultate,

162 3002 168 3043 ;
196 2969 279 3054 quod
301 2969 387 3031 illum
402 2969 582 3048 offenderet,
603 2974 709 3038 accidit
727 2995 736 3046 3
757 2973 871 3059 quoties
893 2989 993 3036 tamen
1009 2970 1087 3058 bunc
1107 2965 1164 3026 alr·

162 3076 171 3125 ι,
199 3048 272 3134 quid
296 3048 429 3112 scelerate
449 3052 590 3116 admisisse-
608 3054 779 3129 audiebam,
799 3053 886 3119 toties
908 3071 977 3113 eum
999 3064 1120 3118 ammo,
1139 3041 1171 3102 sl*

162 3146 174 3205 ἱ,
199 3130 298 3192 minus
318 3127 392 3194 serto
413 3144 570 3212 poteram,
599 3131 793 3212 jugulabant,
822 3132 893 3223 quia
910 3130 945 3218 in
969 3145 1029 3218 quo
1045 3136 1164 3188 caeteros

162 3246 178 3311 ι
200 3207 357 3286 violabat,
380 3228 523 3272 unacum
540 3210 598 3275 illis
615 3230 662 3270 me
677 3230 795 3293 quoque
811 3209 918 3298 violant
934 3201 1133 3296 existimabam
1153 3234 1169 3263 .-

162 3326 181 3369 ,
197 3286 236 3352 Id
252 3288 332 3372 quod
349 3306 402 3353 vos
417 3308 535 3374 quoque
551 3333 560 3365 ,
582 3289 721 3365 ludices,
749 3309 817 3351 cum
833 3287 917 3349 boms
934 3285 1054 3366 requurs
1073 3279 1168 3373 secisse

162 3404 184 3451 t
202 3383 292 3450 puto,
311 3369 388 3452 qui,
409 3371 429 3432 st
446 3389 528 3451 pares
545 3371 647 3433 auimo
663 3369 738 3433 vires
760 3365 978 3442 habuissemus,
1000 3364 1031 3427 δι
1051 3376 1171 3443 negottu

162 3445 373 3531 ioouficiendi
394 3448 562 3515 facultatem
583 3450 660 3512 nacli
680 3447 853 3524 fuissemus,
874 3465 973 3512 omnes
995 3442 1167 3534 Pfflssllssu·

162 3523 254 3633 ffibio
276 3526 306 3591 in
326 3528 425 3596 Patria
464 3531 553 3594 ietate
572 3529 669 3594 noslra
688 3530 790 3612 sponte
811 3542 858 3590 tot
877 3527 1005 3590 Milones
1026 3522 1165 3588 extitisse-

202 3624 295 3683 mus,
315 3627 410 3692 neque
459 3611 508 3672 iud
530 3613 653 3676 Senatus
674 3610 846 3673 mandatum
866 3606 1073 3695 expedientes,
1102 3623 1164 3667 rem

162 3648 215 3773 Ξί
234 3685 294 3747 sam
312 3730 323 3762 ,
343 3703 377 3750 ut
393 3689 421 3750 se
444 3691 572 3772 primum
597 3691 706 3754 occaslo
731 3688 900 3763 obtulisset,
921 3683 1165 3749 confecissemus.

186 3705 342 3851 ,iitlonem
363 3767 452 3829 audio
468 3813 477 3845 ,
497 3770 634 3846 Iudices,
666 3769 679 3852 [
695 3785 727 3833 ut
743 3769 905 3832 alienorum
921 3767 1011 3830 etiam
1028 3763 1171 3842 exemplo.

162 3841 312 3956 {fastum
329 3849 459 3912 nostrum
474 3849 679 3932 comprobem,
694 3849 707 3933 ]
727 3869 787 3911 non
800 3869 838 3912 eo
866 3862 1037 3911 contentum
1052 3837 1173 3928 ,quodi

738 3928 821 3990 1³2
1063 3928 1126 3980 u·
1188 3918 1297 4062 p
