3000 4559
299 477 358 559 136
520 475 777 544 BARTHOL..
800 472 961 536 nrcclr
1105 548 1107 555 Ι

250 557 407 641 Princeps,
425 555 504 628 culus
528 559 587 620 sola
608 559 787 639 cogitatione
803 557 989 618 vehementer
1005 566 1220 618 commoveor?

247 640 369 714 Quare,
392 637 491 719 liquid
501 637 530 699 in
540 658 574 705 eo
591 657 665 701 ame
673 636 761 718 paulo
777 636 903 717 amplius
918 633 1105 708 desiderabis,
1125 632 1211 694 iddo·

241 719 315 799 lotis
339 719 395 778 mei
416 717 613 798 magnitudini
644 716 842 779 condonabis.
870 716 901 777 Si
928 713 1039 785 alteri,
1069 713 1208 794 inquam,

240 799 398 879 PrincepS,
421 817 520 867 eorum
543 796 692 871 Civium,
712 816 786 879 quos
808 795 858 856 iste
879 791 1107 855 sceleratissimus
1129 792 1160 851 in
1180 807 1208 851 te

243 877 400 951 coniurasse
422 876 580 946 indicarat,
602 875 675 940 sorte
696 892 748 938 aut
769 875 957 948 Bononiam,
978 889 1030 934 aut
1053 872 1207 933 Mantuam

244 959 301 1031 iter
321 955 382 1036 [ut
404 956 532 1025 accidere
553 954 652 1036 solet]
676 956 786 1019 intetea
806 955 965 1016 evenisset:
995 951 1041 1014 sed
1064 950 1138 1033 quid
1158 949 1210 1010 Bo·

245 1034 396 1102 noniaml
419 1052 470 1098 aut
493 1035 649 1096 Mantuam
667 1033 677 1095 l
702 1035 721 1094 li
743 1035 874 1109 horum,
896 1035 1044 1114 inquam,
1072 1031 1147 1092 alter
1166 1028 1209 1089 vel

245 1117 341 1185 animi
361 1116 455 1187 caussa
474 1136 524 1196 per
539 1115 594 1177 hoc
612 1131 726 1195 tempus
745 1135 810 1188 rus,
834 1116 864 1175 in
882 1114 1077 1175 suburbanum
1093 1108 1207 1192 aliquod

245 1196 330 1266 suum
352 1194 478 1269 exiisset,
499 1215 559 1255 non
581 1211 613 1256 tn
634 1193 774 1256 continuo
796 1195 949 1275 suspicatus
969 1213 1035 1255 eum
1054 1192 1097 1252 ita
1114 1187 1209 1271 sugam

248 1275 368 1351 moliri,
390 1274 475 1345 saluti
497 1274 551 1342 suae
572 1274 747 1348 consulere,
772 1275 886 1336 liflores
908 1291 972 1337 tuos
994 1274 1031 1334 ad
1053 1290 1122 1332 eum
1158 1289 1211 1330 non

249 1355 288 1429 aci
309 1372 338 1423 te
358 1355 582 1429 revocandum,
604 1353 650 1414 sed
671 1356 794 1417 manicis
815 1355 904 1416 etiam
927 1352 1080 1415 arsliffime
1100 1349 1211 1411 conllri·

249 1437 331 1503 cium
351 1434 384 1501 in
412 1454 554 1506 carcerem
583 1435 793 1504 conjiciendum
824 1430 1006 1496 extrusissenl
1036 1451 1098 1494 non
1118 1429 1211 1491 eodem

191 1579 195 1586 ,
251 1532 383 1597 tempore
403 1513 439 1585 dc
459 1513 551 1578 altero
571 1513 648 1582 idem
670 1514 701 1577 in
722 1515 800 1578 Urbe
817 1513 969 1576 statuisses?
991 1532 1051 1574 non
1068 1508 1211 1574 amborum

251 1595 331 1663 bona
350 1595 470 1669 omnia,
490 1593 621 1665 fortunas,
662 1593 855 1676 rescripsisses?
877 1615 937 1656 non
958 1593 1087 1654 familias
1108 1590 1214 1652 unirer-
1236 1655 1240 1663 ¹

252 1675 298 1752 ίῳ
321 1693 373 1748 aut
394 1673 550 1754 supplicio,
572 1690 622 1736 aut
639 1613 741 1736 saltem
758 1675 846 1747 exilio
866 1671 1046 1746 mulliallcs?
1068 1670 1118 1734 Dii
1133 1666 1211 1730 boni!

278 1754 308 1816 ui
331 1772 395 1825 tum
417 1755 450 1817 in
472 1753 604 1815 Ciuitate
625 1752 796 1814 tumultus?
825 1769 952 1837 quantus
979 1752 1070 1813 timor
1088 1749 1213 1812 omnium

289 1834 380 1895 'vium
409 1833 523 1893 animos
551 1831 735 1912 occupasset?
765 1834 818 1914 qui
849 1855 920 1895 vero
941 1833 1047 1895 horum
1068 1830 1211 1893 liberorum

256 1908 421 1979 clamores?
443 1911 494 1992 qui
518 1910 651 1992 questus?
672 1913 723 1992 qui
746 1933 869 1974 uxorum
889 1910 992 1974 fletus?
1013 1911 1068 1994 qui
1086 1907 1214 1980 ejulanti

258 2011 325 2074 qua
342 1987 488 2061 lamenta?
509 2011 576 2052 cum
596 1991 628 2054 hi
648 1991 830 2055 oharilfimos
890 2009 1009 2066 rentes,
1031 1993 1077 2051 hae
1096 1991 1173 2052 viros
1188 2007 1212 2048 o·

282 2069 460 2145 tatillimos,
490 2089 564 2150 quos
595 2070 681 2150 plane
709 2071 813 2133 scirent
841 2093 859 2133 a
898 2073 951 2134 hac
987 2070 1070 2132 omni
1091 2069 1173 2150 culpa
1187 2087 1212 2128 a·

258 2092 447 2227 simillimos,
507 2171 521 2219 c
541 2149 688 2212 summum
711 2151 798 2213 scelus
819 2153 941 2227 necari,
962 2168 1053 2233 atque
1069 2147 1209 2212 excruciari

259 2231 460 2312 intelligerent
500 2249 568 2291 cum
590 2228 624 2300 se¹
639 2232 754 2306 Patria,
776 2231 879 2296 Patriis
900 2231 1007 2293 laribus
1027 2231 1134 2312 expelli
1150 2227 1161 2289 ,²
1177 2228 1224 2289 bo·

263 2313 310 2374 nis
333 2310 468 2379 omnibus
488 2308 654 2385 exturbari,
677 2311 811 2393 spoliati,
835 2312 867 2372 in
887 2311 1108 2385 calamitosam,
1127 2328 1157 2369 ac
1170 2308 1213 2368 mi«

263 2392 356 2464 setam
385 2389 506 2461 vivendi
529 2391 673 2453 rationem
696 2392 852 2472 precipites
874 2391 963 2460 dejici
977 2391 1111 2451 viderent
1128 2387 1138 2447 ‚³
1155 2385 1215 2462 Quis

264 2492 337 2532 vero
359 2487 445 2546 tuus,
466 2471 627 2550 Princeps,
648 2470 751 2533 dolor?
774 2472 838 2551 quis
860 2469 995 2532 moerorl
1018 2491 1088 2531 cum
1112 2470 1141 2529 in
1160 2466 1211 2527 islot

266 2550 358 2625 abste
379 2552 468 2630 impie
493 2548 602 2616 salium
624 2549 851 2612 eslerescivilles?
873 2554 977 2632 Neque
998 2551 1079 2610 enim
1099 2549 1149 2609 diu
1167 2561 1216 2606 tan«

266 2647 333 2696 tum
356 2628 446 2689 scelus
462 2627 623 2689 delitescere
664 2630 794 2690 otuillet.
814 2632 891 2692 Deus
909 2632 989 2690 enim
1005 2631 1062 2704 est,
1084 2628 1215 2705 Princeps,

268 2708 322 2788 qui
340 2705 489 2795 'sceleratoc
510 2707 621 2784 prorsus
643 2649 739 2775 deatos
749 2710 801 2769 elle
816 2710 965 2772 nonsrnit.
987 2712 1075 2783 Quo,
1097 2711 1216 2798 inquam,

270 2801 419 2859 cruciatu,
440 2804 554 2849 animus
573 2801 640 2849 tuus
660 2787 839 2850 afficeretur?
864 2788 967 2850 ⁴uibus
986 2789 1217 2850 conscientiam

269 2865 354 2932 furiis
375 2862 553 2945 agitaretur?
578 2866 687 2934 (litatus
710 2867 849 2929 Hercules
861 2810 974 2950 (ierede
993 2868 1098 2948 mihi]
1117 2888 1171 2928 non
1190 2863 1218 2922 fit

270 2944 311 3021 esi
332 2960 475 3020 venenata
495 2943 570 3011 veste
592 2944 748 3026 discerptus
767 2990 776 3020 ,
795 2944 838 3009 'ut
860 2966 892 3010 tu
912 2968 1056 3030 quoque,
1078 2945 1219 3016 Hercules,

271 3024 420 3116 instratis·
434 3024 491 3099 tuis
512 3023 611 3106 Regiis
630 3041 686 3086 tuae
706 3027 885 3091 conscientia
905 3030 999 3091 futore
1019 3023 1221 3089 discruciarerit.

272 3096 355 3177 Hinc
375 3125 453 3166 enim
477 3119 504 3174 te
526 3104 630 3166 horum
650 3105 775 3183 injuria,
796 3109 953 3184 cruciatus,
971 3109 1054 3170 illinc
1075 3124 1142 3170 tuus
1160 3121 1222 3166 error

195 3212 199 3227 ,
273 3182 421 3267 torqueret
442 3184 616 3265 ,quiescere
637 3205 697 3245 non
718 3187 819 3249 sineret
836 3209 844 3257 ;
865 3189 1083 3277 obversarentur
1106 3186 1158 3249 tibi
1175 3183 1224 3243 dict

275 3265 307 3333 δι
328 3264 426 3332 ηοὲὶες
446 3282 514 3330 ante
533 3263 633 3326 oculos
655 3265 760 3329 horum
780 3267 1005 3330 innocentissimi
1027 3287 1148 3338 manes,
1165 3263 1227 3324 lilio-

275 3364 342 3412 rum
364 3342 541 3432 turpiffima,
562 3365 595 3406 ac
616 3345 859 3412 calamitosissima
880 3349 967 3409 exilia
988 3349 1020 3409 in
1036 3365 1136 3409 mente
1156 3346 1228 3406 hett-

273 3439 342 3491 tent
363 3422 479 3494 infima
506 3445 522 3486 e
550 3425 692 3487 memoria
713 3425 913 3505 imprudentia
936 3445 992 3490 tua
1013 3426 1230 3489 recordationem

278 3499 401 3569 evellere
422 3522 482 3570 nou
505 3505 618 3592 posses.
639 3507 669 3565 O
691 3506 734 3566 tui
755 3506 892 3570 similium
912 3508 1047 3570 omnium
1069 3499 1231 3569 sceleratilsn

279 3600 327 3663 me
346 3579 409 3670 sii
429 3579 563 3670 te'htuus
584 3583 700 3658 Judaei,
728 3588 780 3666 qui
801 3588 923 3651 omnino
944 3589 1034 3650 homo
1055 3588 1121 3662 est,
1152 3606 1184 3646 ac
1202 3579 1232 3647 ad

278 3673 362 3728 tuam
383 3679 541 3801 imqqmem
561 3658 670 3738 fastus,
690 3663 766 3730 nihil
787 3666 955 3742 miserebat,
976 3686 1047 3729 num
1069 3684 1100 3729 te
1122 3680 1231 3728 tuorum

435 3759 444 3799 1

279 3737 381 3810 saltem
398 3758 433 3828 'm
457 3741 528 3801 ereri
550 3740 740 3832 debuit,·qui
766 3743 1028 3821 innocentissimos,
1051 3768 1085 3808 ac
1107 3739 1233 3807 nobilissi-

281 3837 345 3923 mot
368 3816 456 3899 caes
471 3818 566 3901 setun
587 3837 649 3893 tarn
670 3843 769 3919 inique
788 3823 960 3907 subjicerere
988 3846 1091 3895 eorum
1120 3822 1236 3912 famlias

154 3944 358 4050 ἢ..
626 3956 628 3960 f
1177 3921 1209 3973 ψ
