3000 4559
357 474 564 541 utrarum
580 476 757 538 cournn
777 479 887 540 oasa.
907 469 1095 543 innuunt.
1140 499 1197 563 ηπ

265 553 319 620 iet.
345 562 403 618 Ρη·
422 556 563 633 manibus,
584 558 644 638 [in
666 557 739 638 uis]
761 556 873 618 habeo.
903 561 952 620 Ne
974 561 1126 624 molestum
1147 565 1232 626 vobis

266 636 318 713 it,
340 636 468 699 Praefetii
490 639 585 712 Viri,
605 637 625 698 (ι
645 579 807 719 ἓγείορεπι
831 637 916 700 istum
937 655 1035 703 totum
1055 641 1234 705 ooufurmare

267 716 411 780 studeam.
433 720 461 778 A
479 738 539 798 quo
562 718 670 779 Latino
693 718 758 778 viro
780 717 866 779 habes
887 720 978 793 ban04
999 720 1102 795 Sardi,
1120 721 1235 784 dicendi

266 794 411 859 formam?
433 798 498 878 quis
520 813 549 858 te
572 797 723 858 Romanus
743 798 803 859 Scri
825 815 872 861 tor
886 818 951 862 eam
967 797 1088 862 docuit?
1109 816 1159 862 cut
1174 818 1234 863 non

266 879 367 960 potius
389 894 406 937 a
427 894 474 936 me
495 877 582 939 toties
603 877 771 939 admonitus
802 818 894 940 bonos
912 880 1041 942 imitaris
1062 881 1094 942 in
1115 880 1235 963 loquen-

266 957 324 1030 do,
345 975 436 1038 quam
458 955 523 1017 istos
544 973 609 1018 tuos
631 958 725 1018 nescio
746 978 820 1040 quos
837 958 978 1036 infantes,
1000 955 1115 1036 fatuos,
1136 959 1238 1021 barba·
1263 1006 1266 1012 .

265 1033 341 1099 tos?
371 1036 474 1098 Cicero
495 1037 550 1098 boc
572 1036 665 1118 ipsum
686 1038 786 1112 dixit,
813 1038 909 1100 babere
925 1043 956 1102 in
975 1040 1131 1116 manibus,
1153 1060 1237 1102 num·

265 1132 360 1201 quam
376 1133 433 1197 pne
452 1115 604 1177 munibus.
640 1113 788 1199 Equidem
808 1114 880 1202 quid
902 1121 937 1183 srt
952 1137 1010 1203 pre
1028 1122 1144 1196 dolare,
1164 1120 1238 1181 item

262 1211 323 1280 pre
350 1195 505 1274 lacrymis,
528 1213 587 1278 prae
616 1198 827 1274 multitudine,
852 1217 910 1279 pte
932 1216 1068 1276 murore,
1093 1218 1149 1282 ptae
1171 1202 1237 1277 se,

260 1274 493 1360 pemmatibus,
516 1292 573 1358 prae
588 1276 683 1355 stelute
703 1278 789 1359 plane
813 1277 896 1354 scio,
921 1298 980 1361 prae
999 1280 1153 1353 manibus,
1184 1280 1238 1340 isto

267 1355 360 1418 modo
381 1355 474 1418 fateor
494 1355 599 1418 nescire
619 1376 667 1418 me
687 1403 694 1417 .
716 1361 759 1420 At
781 1359 923 1422 Amianua
946 1359 1022 1434 scit,
1051 1360 1082 1421 ἀ
1102 1362 1237 1420 Ferretus

267 1452 353 1499 meus
374 1436 590 1498 Nullatenensrs
610 1439 730 1499 utitur.
754 1441 795 1500 At
816 1439 835 1500 sr
859 1455 909 1501 tua
929 1441 1076 1514 Historia,
1097 1439 1129 1501 a
1150 1439 1194 1500 tui
1215 1439 1240 1497 i·

267 1515 340 1579 stius
368 1516 584 1578 Nullatenensra
613 1518 779 1587 hujusmodi
815 1519 972 1582 locutionis
1000 1536 1104 1600 genere
1132 1532 1237 1579 otnata

267 1597 348 1671 erit,
378 1612 409 1658 ut
427 1613 504 1658 certe
525 1598 609 1671 erit,
640 1615 729 1680 atque
757 1600 846 1660 etiam
876 1602 993 1680 pejori,
1022 1599 1082 1659 illis
1102 1598 1240 1671 eveniet,

268 1675 349 1764 quod
371 1675 497 1738 Amiano
519 1677 641 1738 evenisse
661 1678 797 1755 constat,
828 1694 858 1740 ut
881 1701 899 1740 a
921 1681 1004 1742 nullo
1025 1679 1178 1760 legantur,
1197 1677 1238 1739 ad

269 1771 363 1818 tineas
383 1754 536 1837 pascendas
557 1757 696 1819 edantur.

306 1913 491 1996 studiosisque
510 1933 617 1997 operam
633 1933 684 1997 pro
704 1917 788 1976 virili
806 1937 911 1979 navare
930 1919 1058 1998 cupiam,
1078 1936 1169 1978 meum
1185 1915 1239 1996 effe

270 1997 341 2057 duxi
356 1997 473 2056 rationes
493 1999 604 2075 afferre,
625 2018 672 2057 cur
695 1998 834 2079 Principes
844 1999 942 2075 nasitus
949 1998 1084 2077 Atestinae
1096 1999 1246 2078 primum,

273 2076 391 2154 Efleuses
412 2076 513 2135 deinde
532 2076 712 2159 appellarim.
1105 2111 1108 2118 ·

308 2234 467 2315 Optimam
488 2230 623 2370 equidem
647 2231 688 2291 eis
710 2249 829 2321 operam
850 2231 986 2305 navasti,
1007 2231 1055 2292 sed
1076 2246 1112 2292 eo
1134 2228 1241 2307 modo,

485 2331 497 2370 r

267 2333 330 2397 quo
351 2310 502 2372 Salinato'
544 2311 612 2371 abio
634 2327 758 2370 navavit
780 2330 810 2370 rn
831 2309 993 2390 recipiendo
1013 2303 1163 2386 Tarento,
1186 2310 1241 2391 qui

267 2394 297 2457 id
323 2392 402 2472 prius
424 2389 581 2450 amiserat.
612 2389 660 2450 Ita
682 2390 766 2450 tuin
790 2406 837 2449 me
868 2389 1082 2469 provocando,
1110 2408 1169 2451 non
1190 2407 1241 2451 eoa

267 2471 420 2544 docendo,
442 2469 499 2530 illis
522 2467 669 2560 profuisti,
691 2469 743 2551 qui
766 2469 802 2531 de
821 2487 887 2530 mea
907 2469 938 2530 iu
956 2484 985 2531 te
1004 2468 1242 2531 recrimina'tioue

267 2571 332 2614 nou
354 2567 447 2630 pauca
465 2549 627 2612 addiscent.

313 2710 373 2771 Nee
392 2707 462 2769 mihi
483 2711 554 2771 vitio
574 2727 724 2786 vertatur,
744 2709 834 2772 velim
850 2752 859 2786 ,
873 2707 905 2784 ſs
921 2709 952 2770 in
971 2708 1099 2772 literaria
1112 2706 1243 2792 palestra

272 2815 291 2852 a
312 2793 375 2853 Viro
395 2789 503 2850 erudito
524 2791 700 2870 differetiam.

310 2946 428 3010 Peream
452 2966 508 3029 ego
528 2948 628 3025 male,
648 2947 757 3021 Sardi,
778 2949 831 3010 nisi
853 2951 908 3011 hoc
928 2968 988 3011 uno
1010 2943 1099 3029 ipso,
1121 2947 1200 3029 quod
1222 2967 1241 3009 a

270 3030 371 3090 mein
396 3029 487 3089 literis
512 3024 667 3101 dissentis,
691 3029 800 3108 possbm
825 3030 880 3089 ribi
905 3029 1006 3089 omnia
1030 3027 1105 3087 reste
1121 3042 1242 3105 cupere.

269 3109 360 3171 Nihil
381 3110 461 3169 eninr
483 3107 559 3168 milri
579 3106 737 3187 optabilius
754 3108 870 3167 evenire
895 3108 1018 3186 potuit,
1043 3123 1133 3194 quam
1158 3117 1241 3165 tuam

270 3190 396 3250 minime
417 3207 485 3250 cum
508 3205 573 3248 mea
593 3186 748 3247 convenire
778 3185 975 3246 sententiam.
1006 3182 1090 3260 Qum
1111 3202 1166 3264 ego
1187 3182 1242 3243 tibi

268 3267 410 3342 affirmo,
437 3267 589 3330 cumbae
614 3265 718 3345 scripta
743 3264 886 3340 edebam,
913 3264 987 3324 nihil
1006 3280 1068 3325 tam
1094 3280 1142 3325 me
1166 3264 1243 3325 veri·

271 3362 337 3411 tum
356 3347 424 3421 eise,
443 3364 533 3429 quam
551 3364 587 3407 ne
604 3361 637 3407 tu
660 3360 778 3427 quoque
802 3345 854 3405 illa
870 3357 937 3405 vere
954 3390 963 3420 ‚
984 3361 1072 3435 atque
1088 3362 1124 3404 er
1148 3341 1241 3404 animi

272 3429 318 3492 tui
344 3427 488 3489 sententia
503 3427 657 3489 laudares.
682 3422 826 3485 Putabam
850 3425 955 3499 enim,
980 3425 1000 3486 sr
1024 3421 1054 3486 td
1070 3423 1145 3485 mihi
1169 3423 1243 3485 acci-

269 3508 382 3576 disset,
408 3528 441 3567 ea
457 3508 531 3568 nibil
555 3505 666 3588 prorsus
683 3505 803 3579 valere,
828 3520 860 3565 ut
882 3521 947 3586 quae
970 3524 988 3565 a
1013 3503 1121 3566 nullius
1148 3502 1243 3564 borni·

271 3606 313 3650 ne
330 3587 432 3657 iudicii
451 3587 657 3668 probarentut3
678 3600 711 3645 ut
728 3601 826 3646 tecum
843 3594 1019 3665 magnopere
1032 3603 1134 3646 omnes
1151 3584 1242 3645 etiam

273 3685 369 3746 atque
386 3669 475 3727 etiam
493 3684 593 3747 rogem
611 3709 620 3740 ,
644 3682 732 3747 atque
748 3683 828 3726 orem
846 3705 855 3739 ‚
882 3681 915 3727 ut
932 3668 990 3724 non·
1007 3664 1099 3725 solum
1117 3665 1171 3725 boc
1188 3664 1244 3725 tibi

274 3746 354 3809 nulli
379 3745 567 3819 deutrum,
594 3745 639 3805 sed
664 3764 699 3806 ea
721 3745 835 3807 ratione
861 3757 890 3804 te
917 3745 1005 3806 eriam
1022 3743 1137 3805 summa
1153 3741 1245 3822 prose-

271 3842 408 3912 quantur
425 3824 510 3889 laude
527 3867 534 3886 .
552 3824 606 3887 Sed
621 3823 784 3902 attendite,
806 3823 928 3888 Studiosr
944 3861 954 3904 5
970 3822 1076 3908 quibus
1101 3821 1245 3961 istgaonoti·
