3000 4559
330 465 391 527 ιφ
564 443 820 508 'BARTHOL
848 444 1011 506 Rlccn
1030 516 1046 526 ..

288 525 300 589 l
321 526 375 603 sa,
398 539 485 609 atque
505 524 577 589 adeo
598 525 656 606 ipse
677 524 844 587 testamini.
866 524 921 587 Sed
941 540 1102 605 antequam
1121 520 1201 586 hasce
1218 520 1238 586 i·

315 606 359 669 ius
380 607 477 668 literas
497 605 666 689 deponam,
693 603 807 667 ostende
836 605 907 666 item
929 605 1047 666 alterius
1069 603 1191 684 epislolae
1210 605 1241 666 li·

293 701 384 747 teram
405 686 545 766 primam.
570 684 680 760 Vides,
701 684 864 764 Princeps,
895 701 928 746 ut
950 685 1010 745 hac
1031 682 1134 744 eadem
1155 683 1239 753 sorma

291 763 393 827 iisdem
413 765 693 846 interpunslionibus
723 763 758 826 sit
785 763 933 844 pueriliter
955 764 1086 844 scripta,
1116 765 1238 846 aequasi

289 842 452 919 fabricata,
472 845 576 928 quibus
596 865 661 909 eam
682 844 736 905 else
757 845 845 924 paulo
867 861 933 905 ante
952 844 984 904 in
1006 842 1173 904 adulterina
1190 843 1239 924 epi

288 922 362 986 stola
381 925 634 1000 demonstrabam,
664 940 697 985 ut
724 923 775 986 isse
805 924 933 1004 optimus
954 924 1105 984 literarum
1129 923 1240 984 aliarum

289 1003 479 1066 disstmulator
499 1006 546 1068 vel
566 1007 597 1066 in
619 1005 714 1085 prima
734 1004 820 1065 litera
841 1025 860 1065 a
879 1003 934 1065 suis
956 1002 1098 1064 discedere
1130 1003 1240 1065 nescive-

291 1083 355 1165 rit,
387 1088 449 1166 Age
471 1105 567 1161 vero,
596 1104 661 1167 quae
692 1089 807 1145 tuarum
830 1083 870 1144 est
889 1083 1038 1146 literarum
1061 1081 1160 1162 [nam
1181 1103 1238 1144 mea

288 1183 449 1245 numquam
470 1164 527 1227 ista
539 1163 642 1245 erunt]
664 1163 786 1244 prudens
811 1159 996 1245 subscriptio?
1017 1163 1067 1224 Sic
1088 1162 1167 1224 enim
1187 1161 1235 1223 sub

277 1241 401 1311 ¹scribis:
427 1245 536 1322 isaacus
555 1244 745 1324 Rasaneslus.
765 1243 815 1306 Dii
837 1242 906 1304 boni
924 1247 938 1302 s
959 1244 1043 1304 Num
1065 1263 1123 1324 ego
1142 1241 1237 1305 fortasse

279 1322 380 1385 -olitor
399 1344 434 1385 ex
457 1346 527 1406 agro
547 1322 721 1386 Clodiano?
743 1324 795 1405 qui
816 1344 863 1383 nte
884 1323 1065 1400 Rafanellum
1086 1321 1236 1403 appellem?

284 1404 387 1477 ¹multo
406 1423 502 1466 meum
524 1424 641 1486 genus,
670 1424 759 1486 quam
780 1403 873 1478 reris,
902 1403 1020 1478 Caesar,
1049 1403 1089 1464 est
1111 1402 1236 1464 nobilius.

290 1482 344 1545 Sed
387 1504 472 1547 uaeras
493 1484 563 1546 item
583 1530 592 1561 ,
611 1483 712 1546 Prince
760 1528 770 1559 ,
798 1485 829 1545 in
851 1483 921 1544 meis
943 1482 1018 1545 veris
1041 1481 1237 1564 subscriptioni-

289 1561 359 1625 bus.
396 1564 472 1624 ium
495 1585 562 1626 uam
579 1563 707 1626 istiusmo
728 1564 737 1622 i
754 1563 873 1644 reperies
891 1562 1129 1643 subscriptionem
1145 1562 1236 1634 ullam,

290 1661 363 1717 me,
382 1584 543 1725 liberosque
563 1663 642 1705 meos
664 1643 770 1731 quovis
790 1643 920 1715 cruciatu
941 1643 1084 1704 necandos
1105 1641 1167 1718 do,
1190 1658 1234 1702 tra-

285 1721 344 1789 do.
365 1721 498 1783 Familia
518 1743 588 1784 rneae
605 1751 626 1797 ,¹
638 1723 800 1802 Princeps,
821 1743 929 1784 nornen
952 1722 991 1784 est
1010 1721 1232 1795 Abravanellius,

287 1798 496 1878 sedquoniam
517 1800 688 1862 Christianis
709 1802 793 1861 omni
814 1801 942 1864 ludibrio
959 1803 1075 1877 sumus,
1096 1799 1231 1884 vulgus&

287 1892 394 1956 arguta
413 1877 493 1956 plebs
509 1899 545 1939 ex
563 1877 771 1942 Abravanellio
787 1882 968 1959 Rasanellum
985 1882 1035 1942 sibi
1051 1878 1161 1944 effecit.
1175 1880 1229 1940 Cre·
1272 1870 1275 1902 ¹

287 1954 332 2016 dis
353 1974 419 2029 me,
438 1955 592 2045 Princeps,
614 1974 674 2020 tam
696 1959 834 2036 stultum,
857 1978 919 2022 tam
943 1963 1002 2022 mei
1024 1958 1173 2037 oblitum,
1189 1958 1231 2041 qui
1271 1947 1275 1983 ‘

288 2053 356 2094 cum
376 2032 585 2100 noblltffimum
604 2059 624 2100 a
644 2039 801 2112 majoribus
831 2041 904 2102 meis
933 2041 1052 2104 familiae
1072 2061 1176 2103 nomen
1190 2041 1232 2100 ha-
1270 2027 1275 2124 ξ

285 2111 399 2189 bearn,
427 2130 488 2177 tam
510 2117 586 2193 vile,
606 2135 670 2180 tam
691 2119 841 2183 absurdum
863 2123 895 2182 in
914 2142 979 2184 eam
1000 2122 1077 2182 mihi
1099 2116 1231 2184 asciseaml
1267 2163 1275 2224 h

283 2191 434 2268 Tametst,
454 2215 490 2257 ne
510 2196 639 2279 ingratus
661 2199 738 2276 stm,
759 2200 815 2262 hoc
835 2191 909 2261 mihi
931 2223 1007 2263 nunc
1030 2203 1127 2264 multo
1146 2196 1231 2262 charis·

284 2271 391 2363 samum
419 2275 470 2337 esse
499 2273 617 2354 fateor,
646 2281 763 2362 quando
792 2281 859 2343 inde
887 2283 962 2342 mihi
990 2281 1086 2343 vitam
1108 2303 1142 2343 ex
1163 2294 1230 2342 tanto
1271 2273 1275 2298 ⁸

285 2353 415 2440 periculo
436 2373 590 2436 ereptam,
619 2380 653 2420 ac
683 2361 880 2423 conservatam
908 2362 961 2422 else
982 2361 1096 2423 video.
1128 2355 1228 2422 Namfi
1263 2345 1275 2436 ξ’

286 2431 435 2522 tsleredlp
456 2455 502 2497 me
524 2437 687 2519 appellasset
710 2441 851 2515 nomine,
879 2441 957 2524 quod
982 2462 1017 2502 ue
1037 2440 1153 2503 familia
1171 2456 1226 2498 mec
1262 2417 1275 2466 ²¹

284 2510 433 2573 nobilitati
454 2516 566 2601 magn,
588 2538 679 2598 quam
701 2463 1024 2600 vulgaricontumeliae,
1044 2517 1225 2611 respondisset,
1259 2503 1275 2541 Π

284 2591 381 2651 multo
402 2593 584 2656 verisimilius
608 2597 689 2658 hasce
706 2598 802 2660 literas
823 2622 901 2662 meas
918 2600 1016 2676 fuisse,
1038 2599 1094 2661 tibt
1116 2617 1225 2688 compro·
1258 2582 1275 2622 ε·

283 2666 401 2757 basset,
427 2670 492 2758 Jam
514 2675 602 2735 venio
622 2676 658 2736 ad
681 2678 780 2738 tertias
802 2681 924 2756 literas,
953 2700 1026 2763 quas
1047 2679 1101 2742 fibi
1123 2679 1225 2741 finxtta
1255 2663 1275 2781 “rs

284 2761 342 2834 turs
366 2746 487 2834 Civibus
509 2752 611 2814 adme
633 2755 818 2836 perscriptas,
839 2761 871 2820 in
892 2760 996 2842 quibus
1018 2763 1144 2835 omitto,
1162 2753 1223 2840 quod
1258 2742 1262 2780 ¹

284 2823 457 2915 rnepttsltme
477 2847 558 2891 erant
579 2831 713 2913 scriptae,
735 2838 814 2918 quod
836 2841 917 2903 nullo
939 2841 1064 2917 ordine,
1109 2839 1162 2902 uod
1181 2835 1224 2896 Ve·
1257 2820 1275 2859 l·

282 2918 362 2994 netis¹
380 2921 468 2968 ettam
490 2909 584 2972 verbis
607 2913 807 2992 abundabant,
832 2934 948 2982 tantum
968 2921 1003 2982 de
1025 2937 1080 2997 te,
1133 2920 1158 2980 ir
1174 2934 1224 2998 pru·
1256 2900 1271 2940 l

283 2981 462 3076 deqtlffissles
484 3009 597 3070 quaero,
618 3016 685 3056 cum
708 3017 768 3058 rem
790 3015 903 3060 tantam
924 3022 1041 3082 ageres,
1061 3021 1126 3083 quae
1142 2999 1186 3061 vir
1199 2994 1224 3054 li·
1257 2980 1275 3019 ³

284 3079 353 3125 tens
374 3064 440 3128 satis
463 3084 527 3132 tuto
547 3075 694 3136 committi
714 3079 802 3157 posset
821 3078 1127 3155 fideliffimis,-cureas
1148 3079 1225 3138 literas
1254 3059 1275 3129 'l

285 3163 303 3205 a
320 3162 398 3235 ⁴erras
414 3147 570 3213 reddendas
579 3155 700 3216 curalli?
723 3157 777 3218 Ha
795 3159 942 3236 suntillae,
965 3161 1118 3243 Princeps,
1139 3158 1224 3219 liten-
1255 3132 1275 3229 {¹²

284 3290 287 3294 ,
317 3226 363 3286 tde
385 3243 434 3303 tu,
456 3229 621 3320 fibusquam
641 3235 713 3315 signi
733 3237 889 3319 vestigium
910 3257 1067 3322 appareat;
1087 3239 1181 3302 fiulla
1195 3252 1226 3296 ee·
1255 3217 1275 3267 ⁸

285 3323 319 3365 ra
339 3324 468 3394 unquam
490 3309 573 3372 tllrtae
595 3311 715 3376 fuerint.
737 3317 883 3381 Schedulae
904 3322 1011 3397 etiam,
1031 3341 1097 3402 quae
1117 3313 1228 3380 adami·
1255 3298 1275 3416 l}

285 3401 381 3444 cosm
405 3387 481 3450 Urbe
501 3392 689 3472 mittuntur,
711 3396 815 3478 signari
835 3400 926 3462 solent
943 3423 952 3471 3
980 3401 1025 3461 ha
1046 3422 1118 3464 vero
1138 3399 1226 3468 litera,
1256 3386 1275 3496 {a

285 3479 349 3550 qtsae
379 3479 461 3528 tanta
489 3469 525 3530 dc
552 3491 582 3560 re
610 3475 740 3539 Ferraria
762 3479 900 3542 Venetias
929 3480 1115 3555 mittuntur,
1144 3490 1226 3560 apent
1256 3472 1275 3575 ξ1

284 3545 471 3628 mittuntur?
491 3569 554 3630 quae
597 3553 718 3631 uidem,
747 3557 799 3618 nist
820 3558 1007 3639 suspicionem
1028 3561 1165 3621 creassent
1182 3574 1228 3618 ma·
1257 3570 1275 3654 ᾗ,

283 3639 410 3698 xlmam,
433 3625 481 3686 vel
500 3629 582 3717 plum
642 3651 722 3696 erant
743 3637 910 3717 signandae,
930 3661 966 3701 ne
986 3661 1051 3702 cera
1072 3633 1227 3723 quidemst
1258 3644 1275 3708 ⁵.

283 3711 428 3791 guantur?
450 3707 510 3779 Qut
525 3730 623 3777 autem
644 3714 687 3776 ita
701 3712 811 3777 facium
831 3718 996 3796 sst,nescio,
1006 3721 1161 3801 Princeps.
1176 3715 1224 3780 Scio
1270 3723 1275 3802 j

281 3780 419 3864 squidem
438 3803 500 3849 nou
520 3792 623 3871 rede,
650 3815 744 3877 neque
765 3817 799 3860 ex
819 3817 888 3861 vera
909 3799 1050 3865 scribendi
1070 3793 1227 3866 rationed·

1098 3881 1194 3948 stunt
