3000 4559
383 489 419 546 50
600 465 852 524 BARTHOL.
882 463 1043 521 RICCH

338 566 437 612 autem
460 545 495 606 ad
516 544 543 607 se
564 542 713 622 rediisset,
739 543 761 605 sr
790 559 818 605 te
838 542 910 605 item
931 561 981 622 per
1001 558 1066 602 tuos
1090 539 1195 602 liberos
1216 559 1302 620 togae

337 645 407 703 ret,
428 624 609 700 obsecraret,
630 627 841 698 obtestaretur,
862 639 896 686 ut
919 621 979 689 suis-
994 620 1165 682 miserereris
1182 664 1192 691 ,
1212 636 1299 761 atqpe

339 728 399 769 una
419 705 501 766 srmul
521 705 585 766 suos
606 704 712 766 misera
729 701 901 766 ostentaret?
922 703 971 763 illi
984 717 1150 782 parentem,
1171 699 1225 760 illa
1275 700 1297 760 i·

340 806 405 848 rum
428 784 511 846 suum
529 784 604 860 ,Te
627 804 720 857 voce,
736 783 891 862 lacrymis,
913 779 1082 863 singultibus
1104 796 1298 855 orarent„rc·

339 865 519 947 poscerent,
541 859 732 953 efflagitarent
749 861 765 923 i*
789 881 882 944 neque
911 861 944 922 id'
972 859 1113 942 poss'remo
1135 859 1298 934 omitteret,

340 944 414 1026 quin
434 960 554 1006 uterum.
572 941 627 1003 tibr
645 941 803 1006 ollenderer
821 940 835 1002 l
860 941 931 1016 En,
961 941 1126 1022 inquiens,
1151 939 1298 1028 Princeps,

342 1023 424 1085 aliud
466 1023 555 1103 ignus'
573 1023 624 1084 vix
645 1023 814 1084 inchoatum
832 1038 844 1080 z·
869 1042 932 1094 ne,
962 1022 1095 1099 Princeps
1119 1017 1298 1081 clementissi·

341 1123 415 1176 me,
444 1043 504 1180 lior
520 1118 637 1182 parente
653 1144 668 1178 ,-
691 1118 848 1182 antequam
871 1122 939 1161 eum
959 1100 1089 1174 habeat,
1113 1099 1213 1173 orba,
1231 1118 1298 1160 nete

341 1181 510 1263 priusquam
532 1181 567 1240 irt
585 1181 661 1242 hanc
683 1180 777 1241 lucem
798 1181 924 1253 edatur,
946 1203 980 1246 er
1003 1181 1055 1240 hac
1076 1180 1144 1240 luce·
1163 1180 1250 1240 Pater
1276 1177 1302 1238 ei·

338 1258 509 1321 auferatur,
528 1259 610 1335 Quid·
631 1281 699 1322 vero
721 1260 741 1320 fi
761 1259 866 1322 eodem·
887 1277 1017 1340 tempore
1036 1257 1174 1338 lacrymis
1196 1258 1234 1318 ab
1255 1258 1303 1319 hu*

337 1339 383 1411 ius
402 1337 497 1401 sorore
518 1338 743 1422 oppugnaretis?
766 1343 846 1401 Nam
855 1339 926 1401 dum
946 1341 1027 1401 Uxor
1042 1338 1237 1420 precibusate
1254 1337 1303 1397 Vi·

342 1437 408 1479 rum
430 1418 515 1480 suurn
532 1417 734 1495 contenderet,
764 1420 849 1481 Soror
870 1418 940 1481 fletu
959 1418 1077 1480 fratrem
1100 1417 1153 1478 tibi
1175 1415 1299 1497 exposce·

344 1517 375 1559 re
398 1517 456 1559 non
477 1497 591 1579 cessaret
607 1519 619 1568 ;.
644 1518 708 1580 quae
739 1499 771 1560 ὅ(
799 1499 864 1579 ipsa
880 1499 926 1558 his
948 1499 1069 1560 tandem
1087 1496 1182 1557 verbis
1203 1494 1298 1577 pietati

345 1577 476 1638 staternae
498 1564 615 1659 obsequi
636 1577 726 1658 posset
746 1620 759 1638 ψ
781 1579 919 1639 Miseram
942 1600 1014 1653 me,
1043 1577 1207 1656 Princeps,
1228 1573 1298 1657 quid

346 1676 403 1738 rgo
425 1660 511 1717 nunc‘
524 1677 614 1738 agam
631 1658 662 1718 in
685 1674 768 1720 tanto
796 1657 911 1719 Fratris
935 1654 1095 1739 periculo?
1119 1657 1149 1716 Si
1170 1675 1239 1716 eum
1258 1654 1301 1715 de.

345 1732 426 1810 sero,
447 1736 542 1816 impia
557 1736 639 1808 sum;
658 1737 678 1798 sr
698 1737 946 1806 Teejussarutem·
964 1758 1033 1810 oro,
1055 1737 1181 1798 caussam·
1195 1733 1302 1795 nullam
1341 1766 1342 1813 }

347 1814 458 1889 habeo,
481 1815 673 1896 quamobrem
693 1833 761 1877 earn·-
782 1817 957 1897 impetrem3
984 1818 1055 1898 quin
1077 1816 1167 1877 litua·
1185 1815 1302 1876 clemem
1341 1834 1342 1849 ¹

343 1893 388 1957 tia
409 1913 477 1954 eam.
494 1895 572 1954 milri
589 1894 751 1972 concedat,
781 1896 815 1958 in
840 1896 1030 1958 certiffimum
1046 1894 1208 1987 periculum
1229 1892 1317 1974 podir·

347 1972 449 2034 citiam
471 1993 573 2034 meam
590 1974 732 2036 adduceret
749 1975 878 2038 videor,
906 1977 1000 2037 Nullo
1027 1996 1106 2036 eninr
1135 1991 1304 2054 argumento

348 2051 450 2113 fratri·
467 2073 557 2133 meo,—
571 2069 665 2135 atque
680 2055 757 2116 adeo
773 2055 880 2117 ceteris
901 2055 1091 2130 hominibus,
1109 2054 1194 2135 quod·
1213 2053 1250 2114 de
1262 2070 1304 2114 me

349 2127 421 2192 salso
452 2130 596 2216 suspicati·
615 2133 704 2210 sunt,
719 2155 812 2216 quam
830 2133 912 2196 faslo
936 2135 994 2197 isto·
1020 2152 1075 2197 tuo·
1091 2130 1306 2197 clementissmo·

347 2209 444 2291 magis
465 2211 677 2300 comprobari,
693 2230 781 2295 atque
801 2212 966 2276 confirmari
987 2214 1095 2294 poterit
1111 2255 1125 2274 .·
1142 2211 1202 2275 Sed
1220 2212 1304 2292 pietas

349 2309 428 2378 nunc
450 2307 569 2363 vincat,
587 2291 667 2353 vidia
686 2294 779 2365 jaceat
801 2293 958 2355 hominum
978 2294 1099 2375 suspicio
1116 2311 1128 2365 3·
1145 2292 1216 2355 satis
1236 2290 1307 2352 milri

352 2367 388 2430 fit
408 2371 579 2451 innocentia
600 2392 671 2433 meae
695 2393 742 2434 me
762 2374 905 2434 consciam
926 2371 981 2434 esse
999 2415 1009 2433 .-
1037 2373 1118 2437 Adeo
1138 2373 1216 2445 Te,
1232 2368 1308 2433 Prin:

351 2466 418 2528 ceps
441 2441 632 2531 honestissime
646 2494 662 2524 ,·
686 2453 737 2512 Te
761 2452 852 2532 igitur
865 2495 880 2528 ,r
913 2452 1135 2516 clementissime·
1160 2451 1304 2539 Princeps,

352 2546 426 2616 oro,¹
443 2542 475 2588 ut
497 2525 615 2591 fratrem
635 2529 712 2590 mihi
730 2531 892 2608 condones,
913 2554 951 2596 ne
969 2530 1088 2595 familiar
1108 2533 1202 2608 nostre
1223 2527 1305 2596 curus·

352 2625 398 2665 vrs
419 2607 588 2687 ignominia
617 2609 752 2687 insolenti
782 2628 899 2673 tantam·
925 2630 1030 2675 notam-
1047 2613 1126 2673 inuri
1145 2611 1310 2692 permittas.

269 2764 271 2768 q
351 2679 491 2773 Scelerate
513 2686 544 2746 in
566 2687 1029 2753 Te·frarrem·meumadmis1lse
1051 2691 1190 2765 constat,
1218 2707 1309 2771 neque·

352 2781 514 2853 quicquam¹
532 2786 586 2847 ego
606 2784 683 2849 xeum·
707 2769 841 2844 excuso,
864 2772 917 2831 etsi*
942 2774 1024 2854 quod
1049 2773 1078 2832 in
1107 2767 1194 2841 liujus
1216 2769 1307 2829 scelere

355 2841 559 2933 grauissimum
573 2843 633 2934 ist*
646 2861 745 2908 totum
760 2849 793 2910 id
806 2850 933 2930 alienum
946 2871 956 2921 ·,
992 2849 1108 2932 uirquid
1118 2845 1309 2922 levissimum,

356 2936 454 2982 totum
480 2922 509 2983 td
532 2943 592 2984 mer
611 2925 721 2988 Fratris
741 2928 795 2990 else
813 2928 930 2991 videtur
946 2873 1009 2992 fl]
1091 2930 1095 2940 ’

355 3074 483 3155 seratur,
501 3082 590 3162 plane
607 3104 711 3147 omnes
724 3087 860 3148 novimus
869 3134 880 3148 .-
899 3089 952 3150 Sed
969 3089 1025 3151 srnt
1039 3111 1099 3161 erus
1114 3088 1218 3150 omnia
1239 3087 1308 3163 haec,

351 3178 385 3220 ac
401 3159 501 3222 multo
511 3163 604 3224 etiam
616 3165 755 3246 graviora
774 3166 895 3243 scelera,
917 3190 1077 3251 numquam
1095 3185 1157 3244 tot,
1178 3189 1218 3230 ac·
1234 3182 1310 3230 tante

355 3239 409 3301 esse
428 3257 584 3322 poterunt,
606 3244 681 3325 quin
699 3245 740 3306 iis·
756 3246 848 3316 major
867 3250 936 3310 Tua
955 3250 992 3310 srt·
1009 3248 1181 3311 clementia.
1204 3248 1308 3318 Vince,

354 3321 445 3382 vince
465 3320 515 3382 Te
533 3323 648 3399 hodie,
673 3323 830 3400 Hercules,
849 3329 904 3409 qui
929 3329 1056 3392 monstra·
1075 3328 1185 3391 omnia
1208 3327 1314 3406 semper

354 3399 467 3489 yrncisj
489 3401 588 3463 itt-'Te
609 3421 668 3463 uno
689 3405 832 3466 virtutem
851 3423 934 3468 tuam*
954 3410 1039 3470 hodie
1060 3409 1199 3483 declara,
1228 3423 1311 3489 quam

356 3495 389 3538 in
411 3478 481 3571 alus·
498 3481 630 3570 quotidie
649 3482 789 3545 ostendis.
810 3485 864 3546 Sed
885 3488 960 3568 quid·
976 3509 1048 3567 ego,
1069 3491 1115 3549 Te
1131 3488 1253 3562 vincas,
1274 3483 1310 3544 dl

356 3555 410 3619 co?
431 3577 486 3696 qur.
503 3559 588 3647 nulla·
605 3563 778 3637 iracundia,
800 3564 882 3626 nulla
902 3568 1095 3642 crudelitate,
1117 3566 1202 3627 nullo
1223 3561 1310 3626 vindi·

360 3636 409 3714 rte
452 3637 573 3698 efiderro·
594 3639 734 3702 laboras?
764 3643 889 3715 Justitiae·
916 3660 975 3708 tuae·
1002 3647 1130 3708 nuncin
1151 3646 1200 3705 Te
1224 3643 1308 3724 ipsum

355 3730 475 3776 tantum.
495 3713 659 3780 obliviscere
672 3758 684 3780 .·
710 3723 795 3783 Nam
812 3721 890 3862 qpod
911 3725 946 3786 ad
967 3727 1017 3786 Te
1033 3727 1126 3788 solum
1148 3723 1276 3805 spediat,
1292 3719 1312 3780 ti.

360 3815 425 3857 nou
441 3794 540 3858 severe
554 3799 644 3878 egeris
661 3843 676 3875 ,
692 3801 772 3863 nulli.
787 3802 825 3862 T·
848 3803 960 3867 ivirio
976 3805 1181 3882 attribuetur,
1200 3803 1313 3865 nullm

358 2998 364 3010 ,
1012 2948 1028 2992 t·
1051 2948 1135 2993 enrm'-
1153 2927 1308 2991 inconsulte
1341 2936 1342 2991 l

355 3019 380 3060 rs
402 3015 493 3081 agat,
510 3001 541 3063 δι
560 3002 646 3066 facile·
664 3005 861 3087 imprudentes
881 3010 980 3071 audiat
991 3032 1002 3081 3·
1022 3028 1063 3101 ut¹
1076 3027 1206 3090 praeceps·
1223 3007 1310 3088 sepius-
1340 3030 1342 3053 2

1165 3883 1283 3951 sacrum
1341 3922 1342 3943 r
