<?xml version="1.0" encoding="UTF-8"?>
<!DOCTYPE html PUBLIC "-//W3C//DTD XHTML 1.0 Transitional//EN"
    "http://www.w3.org/TR/xhtml1/DTD/xhtml1-transitional.dtd">
<html xmlns="http://www.w3.org/1999/xhtml" xml:lang="en" lang="en">
 <head>
  <title>
</title>
<meta http-equiv="Content-Type" content="text/html;charset=utf-8" />
  <meta name='ocr-system' content='tesseract 3.04.00' />
  <meta name='ocr-capabilities' content='ocr_page ocr_carea ocr_par ocr_line ocrx_word'/>
</head>
<body>
  <div class='ocr_page' id='page_1' title='image "./operumtomusprim00riccgoog_0119.png"; bbox 0 0 3000 4559; ppageno 0'>
   <div class='ocr_carea' id='block_1_1' title="bbox 1088 477 2370 546">
    <p class='ocr_par' dir='ltr' id='par_1_1' title="bbox 1088 477 2370 546">
     <span class='ocr_line' id='line_1_1' title="bbox 1088 477 2370 546; baseline 0.003 -4"><span class='ocrx_word' id='word_1_1' title='bbox 1088 477 1898 543; x_wconf 75' lang='lat' dir='ltr'><strong><em>ORATIONES.</em></strong></span> <span class='ocrx_word' id='word_1_2' title='bbox 2292 487 2370 546; x_wconf 64' lang='grc' dir='ltr'>σε</span> 
     </span>
    </p>
   </div>
   <div class='ocr_carea' id='block_1_2' title="bbox 527 558 2465 2314">
    <p class='ocr_par' dir='ltr' id='par_1_2' title="bbox 527 558 2465 2314">
     <span class='ocr_line' id='line_1_2' title="bbox 527 558 2454 702; baseline 0.002 -78"><span class='ocrx_word' id='word_1_3' title='bbox 527 558 696 702; x_wconf 50' lang='grc' dir='ltr'>28οᾶ</span> <span class='ocrx_word' id='word_1_4' title='bbox 739 560 822 623; x_wconf 81' lang='lat' dir='ltr'>ad·</span> <span class='ocrx_word' id='word_1_5' title='bbox 855 560 1102 623; x_wconf 84' lang='lat' dir='ltr'>aliorum</span> <span class='ocrx_word' id='word_1_6' title='bbox 1160 580 1294 625; x_wconf 88' lang='lat' dir='ltr'>cum</span> <span class='ocrx_word' id='word_1_7' title='bbox 1336 580 1527 642; x_wconf 84' lang='lat' dir='ltr'>preces</span> <span class='ocrx_word' id='word_1_8' title='bbox 1559 606 1579 636; x_wconf 89' lang='lat'>‚</span> <span class='ocrx_word' id='word_1_9' title='bbox 1642 579 1770 623; x_wconf 89' lang='lat' dir='ltr'>tum</span> <span class='ocrx_word' id='word_1_10' title='bbox 1811 562 1994 625; x_wconf 87' lang='lat' dir='ltr'>etiam</span> <span class='ocrx_word' id='word_1_11' title='bbox 2031 561 2346 652; x_wconf 81' lang='lat' dir='ltr'>gratiarum</span> <span class='ocrx_word' id='word_1_12' title='bbox 2388 585 2454 628; x_wconf 79' lang='lat' dir='ltr'>a·</span> 
     </span>
     <span class='ocr_line' id='line_1_3' title="bbox 601 641 2454 723; baseline 0.001 -19"><span class='ocrx_word' id='word_1_13' title='bbox 601 642 799 704; x_wconf 79' lang='lat' dir='ltr'>&#39;onem</span> <span class='ocrx_word' id='word_1_14' title='bbox 843 641 1091 712; x_wconf 85' lang='lat' dir='ltr'>attinet3</span> <span class='ocrx_word' id='word_1_15' title='bbox 1134 661 1289 703; x_wconf 90' lang='lat' dir='ltr'>nunc</span> <span class='ocrx_word' id='word_1_16' title='bbox 1334 661 1504 714; x_wconf 82' lang='lat' dir='ltr'>vero,</span> <span class='ocrx_word' id='word_1_17' title='bbox 1552 657 1619 703; x_wconf 90' lang='lat' dir='ltr'>ut</span> <span class='ocrx_word' id='word_1_18' title='bbox 1650 642 1717 704; x_wconf 92' lang='lat' dir='ltr'>de</span> <span class='ocrx_word' id='word_1_19' title='bbox 1750 656 1842 703; x_wconf 86' lang='lat' dir='ltr'>me</span> <span class='ocrx_word' id='word_1_20' title='bbox 1885 658 2079 721; x_wconf 72' lang='lat' dir='ltr'>paucis</span> <span class='ocrx_word' id='word_1_21' title='bbox 2121 662 2326 723; x_wconf 73' lang='lat' dir='ltr'>agam,</span> <span class='ocrx_word' id='word_1_22' title='bbox 2366 665 2454 705; x_wconf 82' lang='lat' dir='ltr'>re·</span> 
     </span>
     <span class='ocr_line' id='line_1_4' title="bbox 542 718 2452 803; baseline 0.001 -21"><span class='ocrx_word' id='word_1_23' title='bbox 542 719 743 803; x_wconf 82' lang='lat' dir='ltr'>liquus</span> <span class='ocrx_word' id='word_1_24' title='bbox 789 719 886 782; x_wconf 88' lang='lat' dir='ltr'>hic</span> <span class='ocrx_word' id='word_1_25' title='bbox 925 719 1084 784; x_wconf 85' lang='lat' dir='ltr'>locus</span> <span class='ocrx_word' id='word_1_26' title='bbox 1130 721 1239 782; x_wconf 85' lang='lat' dir='ltr'>est.</span> <span class='ocrx_word' id='word_1_27' title='bbox 1281 718 1336 779; x_wconf 92' lang='lat' dir='ltr'>E</span> <span class='ocrx_word' id='word_1_28' title='bbox 1378 741 1414 781; x_wconf 94' lang='lat'><em>0</em></span> <span class='ocrx_word' id='word_1_29' title='bbox 1446 719 1629 796; x_wconf 84' lang='lat' dir='ltr'>Tibi,</span> <span class='ocrx_word' id='word_1_30' title='bbox 1673 721 1893 783; x_wconf 88' lang='lat' dir='ltr'>summe</span> <span class='ocrx_word' id='word_1_31' title='bbox 1933 721 2126 796; x_wconf 75' lang='lat' dir='ltr'>Deu8‚</span> <span class='ocrx_word' id='word_1_32' title='bbox 2172 724 2452 784; x_wconf 82' lang='lat' dir='ltr'>maximas</span> 
     </span>
     <span class='ocr_line' id='line_1_5' title="bbox 529 800 2451 882; baseline 0.001 -20"><span class='ocrx_word' id='word_1_33' title='bbox 529 800 754 882; x_wconf 81' lang='lat' dir='ltr'>gratias</span> <span class='ocrx_word' id='word_1_34' title='bbox 796 819 909 881; x_wconf 86' lang='lat' dir='ltr'>ago</span> <span class='ocrx_word' id='word_1_35' title='bbox 943 843 962 874; x_wconf 86' lang='lat'>‚</span> <span class='ocrx_word' id='word_1_36' title='bbox 1021 817 1199 882; x_wconf 83' lang='lat' dir='ltr'>atque</span> <span class='ocrx_word' id='word_1_37' title='bbox 1243 819 1303 860; x_wconf 88' lang='lat' dir='ltr'>m</span> <span class='ocrx_word' id='word_1_38' title='bbox 1371 814 1434 860; x_wconf 91' lang='lat' dir='ltr'>to</span> <span class='ocrx_word' id='word_1_39' title='bbox 1476 800 1657 862; x_wconf 85' lang='lat' dir='ltr'>etiam</span> <span class='ocrx_word' id='word_1_40' title='bbox 1712 801 1954 872; x_wconf 80' lang='lat' dir='ltr'>majores</span> <span class='ocrx_word' id='word_1_41' title='bbox 1998 800 2185 863; x_wconf 85' lang='lat' dir='ltr'>habeo</span> <span class='ocrx_word' id='word_1_42' title='bbox 2219 846 2237 876; x_wconf 88' lang='lat'>,</span> <span class='ocrx_word' id='word_1_43' title='bbox 2297 802 2451 882; x_wconf 89' lang='lat' dir='ltr'>quod</span> 
     </span>
     <span class='ocr_line' id='line_1_6' title="bbox 532 879 2455 962; baseline -0.001 -20"><span class='ocrx_word' id='word_1_44' title='bbox 532 900 635 942; x_wconf 84' lang='lat' dir='ltr'>me</span> <span class='ocrx_word' id='word_1_45' title='bbox 678 895 804 941; x_wconf 88' lang='lat' dir='ltr'>tarn</span> <span class='ocrx_word' id='word_1_46' title='bbox 848 879 949 942; x_wconf 90' lang='lat' dir='ltr'>diu</span> <span class='ocrx_word' id='word_1_47' title='bbox 992 881 1055 940; x_wconf 89' lang='lat' dir='ltr'>in</span> <span class='ocrx_word' id='word_1_48' title='bbox 1100 881 1228 941; x_wconf 86' lang='lat' dir='ltr'>vita</span> <span class='ocrx_word' id='word_1_49' title='bbox 1273 879 1566 941; x_wconf 85' lang='lat' dir='ltr'>reservasti</span> <span class='ocrx_word' id='word_1_50' title='bbox 1602 925 1621 956; x_wconf 85' lang='lat'>‚</span> <span class='ocrx_word' id='word_1_51' title='bbox 1665 898 1730 943; x_wconf 92' lang='lat' dir='ltr'>ut</span> <span class='ocrx_word' id='word_1_52' title='bbox 1762 900 1895 944; x_wconf 88' lang='lat' dir='ltr'>eum</span> <span class='ocrx_word' id='word_1_53' title='bbox 1941 881 2270 962; x_wconf 87' lang='lat' dir='ltr'>Principem</span> <span class='ocrx_word' id='word_1_54' title='bbox 2307 881 2455 940; x_wconf 90' lang='lat' dir='ltr'>mihi</span> 
     </span>
     <span class='ocr_line' id='line_1_7' title="bbox 534 958 2455 1050; baseline -0.001 -29"><span class='ocrx_word' id='word_1_55' title='bbox 534 980 575 1021; x_wconf 80' lang='lat' dir='ltr'>a</span> <span class='ocrx_word' id='word_1_56' title='bbox 610 978 798 1050; x_wconf 80' lang='lat' dir='ltr'>puero</span> <span class='ocrx_word' id='word_1_57' title='bbox 836 958 1043 1034; x_wconf 85' lang='lat' dir='ltr'>eduxi,</span> <span class='ocrx_word' id='word_1_58' title='bbox 1088 976 1263 1042; x_wconf 89' lang='lat' dir='ltr'>atque</span> <span class='ocrx_word' id='word_1_59' title='bbox 1306 959 1366 1018; x_wconf 91' lang='lat' dir='ltr'>in</span> <span class='ocrx_word' id='word_1_60' title='bbox 1409 959 1648 1040; x_wconf 86' lang='lat' dir='ltr'>optimis</span> <span class='ocrx_word' id='word_1_61' title='bbox 1692 961 1888 1023; x_wconf 89' lang='lat' dir='ltr'>studiis</span> <span class='ocrx_word' id='word_1_62' title='bbox 1930 977 2167 1042; x_wconf 89' lang='lat' dir='ltr'>paterne</span> <span class='ocrx_word' id='word_1_63' title='bbox 2202 959 2455 1046; x_wconf 65' lang='lat' dir='ltr'>institui,</span> 
     </span>
     <span class='ocr_line' id='line_1_8' title="bbox 532 1038 2457 1128; baseline 0 -29"><span class='ocrx_word' id='word_1_64' title='bbox 532 1055 796 1120; x_wconf 78' lang='lat' dir='ltr'>primum</span> <span class='ocrx_word' id='word_1_65' title='bbox 838 1038 1056 1101; x_wconf 88' lang='lat' dir='ltr'>Virum</span> <span class='ocrx_word' id='word_1_66' title='bbox 1097 1039 1391 1128; x_wconf 76' lang='lat' dir='ltr'>optimum</span> <span class='ocrx_word' id='word_1_67' title='bbox 1425 1083 1444 1113; x_wconf 94' lang='lat'>,</span> <span class='ocrx_word' id='word_1_68' title='bbox 1502 1055 1676 1122; x_wconf 88' lang='lat' dir='ltr'>atque</span> <span class='ocrx_word' id='word_1_69' title='bbox 1708 1040 1872 1102; x_wconf 89' lang='lat' dir='ltr'>omni</span> <span class='ocrx_word' id='word_1_70' title='bbox 1929 1040 2121 1122; x_wconf 86' lang='lat' dir='ltr'>gloria</span> <span class='ocrx_word' id='word_1_71' title='bbox 2160 1038 2457 1102; x_wconf 85' lang='lat' dir='ltr'>abundan-</span> 
     </span>
     <span class='ocr_line' id='line_1_9' title="bbox 534 1118 2456 1202; baseline 0 -24"><span class='ocrx_word' id='word_1_72' title='bbox 534 1133 661 1180; x_wconf 86' lang='lat' dir='ltr'>tem</span> <span class='ocrx_word' id='word_1_73' title='bbox 693 1163 713 1194; x_wconf 95' lang='lat'>,</span> <span class='ocrx_word' id='word_1_74' title='bbox 754 1135 884 1181; x_wconf 88' lang='lat' dir='ltr'>turn</span> <span class='ocrx_word' id='word_1_75' title='bbox 923 1119 1104 1180; x_wconf 87' lang='lat' dir='ltr'>etiam</span> <span class='ocrx_word' id='word_1_76' title='bbox 1146 1138 1210 1176; x_wconf 88' lang='lat' dir='ltr'>m</span> <span class='ocrx_word' id='word_1_77' title='bbox 1252 1137 1321 1178; x_wconf 89' lang='lat' dir='ltr'>eo</span> <span class='ocrx_word' id='word_1_78' title='bbox 1361 1118 1759 1200; x_wconf 86' lang='lat' dir='ltr'>Principatum</span> <span class='ocrx_word' id='word_1_79' title='bbox 1789 1164 1809 1196; x_wconf 93' lang='lat'>‚</span> <span class='ocrx_word' id='word_1_80' title='bbox 1865 1139 2044 1201; x_wconf 89' lang='lat' dir='ltr'>quem</span> <span class='ocrx_word' id='word_1_81' title='bbox 2082 1139 2193 1202; x_wconf 85' lang='lat' dir='ltr'>ego</span> <span class='ocrx_word' id='word_1_82' title='bbox 2235 1135 2456 1180; x_wconf 83' lang='lat' dir='ltr'>naturae</span> 
     </span>
     <span class='ocr_line' id='line_1_10' title="bbox 531 1196 2455 1281; baseline -0.001 -23"><span class='ocrx_word' id='word_1_83' title='bbox 531 1196 812 1260; x_wconf 86' lang='lat' dir='ltr'>defiderio</span> <span class='ocrx_word' id='word_1_84' title='bbox 853 1197 1041 1278; x_wconf 86' lang='lat' dir='ltr'>magis</span> <span class='ocrx_word' id='word_1_85' title='bbox 1086 1217 1157 1257; x_wconf 92' lang='lat' dir='ltr'>cu</span> <span class='ocrx_word' id='word_1_86' title='bbox 1200 1215 1288 1257; x_wconf 89' lang='lat' dir='ltr'>ere</span> <span class='ocrx_word' id='word_1_87' title='bbox 1317 1239 1336 1271; x_wconf 89' lang='lat'>‚</span> <span class='ocrx_word' id='word_1_88' title='bbox 1376 1217 1553 1281; x_wconf 85' lang='lat' dir='ltr'>quam</span> <span class='ocrx_word' id='word_1_89' title='bbox 1599 1220 1882 1262; x_wconf 87' lang='lat' dir='ltr'>annorum</span> <span class='ocrx_word' id='word_1_90' title='bbox 1927 1219 2187 1262; x_wconf 89' lang='lat' dir='ltr'>meorum</span> <span class='ocrx_word' id='word_1_91' title='bbox 2230 1199 2455 1260; x_wconf 88' lang='lat' dir='ltr'>ratione</span> 
     </span>
     <span class='ocr_line' id='line_1_11' title="bbox 538 1275 2454 1358; baseline -0.001 -20"><span class='ocrx_word' id='word_1_92' title='bbox 538 1276 760 1358; x_wconf 87' lang='lat' dir='ltr'>sperare</span> <span class='ocrx_word' id='word_1_93' title='bbox 804 1293 1104 1358; x_wconf 85' lang='lat' dir='ltr'>poteram,</span> <span class='ocrx_word' id='word_1_94' title='bbox 1170 1275 1386 1338; x_wconf 87' lang='lat' dir='ltr'>eliciter</span> <span class='ocrx_word' id='word_1_95' title='bbox 1425 1277 1807 1341; x_wconf 86' lang='lat' dir='ltr'>constitutum</span> <span class='ocrx_word' id='word_1_96' title='bbox 1849 1279 2141 1348; x_wconf 80' lang='lat' dir='ltr'>viderem3</span> <span class='ocrx_word' id='word_1_97' title='bbox 2227 1277 2338 1339; x_wconf 92' lang='lat' dir='ltr'>uod</span> <span class='ocrx_word' id='word_1_98' title='bbox 2383 1296 2454 1337; x_wconf 88' lang='lat' dir='ltr'>ue</span> 
     </span>
     <span class='ocr_line' id='line_1_12' title="bbox 530 1354 2460 1439; baseline -0.001 -23"><span class='ocrx_word' id='word_1_99' title='bbox 530 1354 643 1418; x_wconf 84' lang='lat' dir='ltr'>hac</span> <span class='ocrx_word' id='word_1_100' title='bbox 691 1376 824 1417; x_wconf 85' lang='lat' dir='ltr'>mea</span> <span class='ocrx_word' id='word_1_101' title='bbox 868 1356 1024 1416; x_wconf 89' lang='lat' dir='ltr'>haud</span> <span class='ocrx_word' id='word_1_102' title='bbox 1069 1355 1316 1437; x_wconf 85' lang='lat' dir='ltr'>ignobili</span> <span class='ocrx_word' id='word_1_103' title='bbox 1357 1356 1586 1419; x_wconf 73' lang='lat' dir='ltr'>afflone</span> <span class='ocrx_word' id='word_1_104' title='bbox 1618 1402 1636 1433; x_wconf 88' lang='lat'>,</span> <span class='ocrx_word' id='word_1_105' title='bbox 1738 1378 1822 1420; x_wconf 83' lang='lat' dir='ltr'>uae</span> <span class='ocrx_word' id='word_1_106' title='bbox 1862 1357 1951 1418; x_wconf 89' lang='lat' dir='ltr'>illi</span> <span class='ocrx_word' id='word_1_107' title='bbox 1995 1355 2133 1439; x_wconf 81' lang='lat' dir='ltr'>saepe</span> <span class='ocrx_word' id='word_1_108' title='bbox 2172 1357 2313 1418; x_wconf 88' lang='lat' dir='ltr'>aias</span> <span class='ocrx_word' id='word_1_109' title='bbox 2393 1376 2460 1415; x_wconf 92' lang='lat' dir='ltr'>o-</span> 
     </span>
     <span class='ocr_line' id='line_1_13' title="bbox 532 1431 2455 1516; baseline 0 -21"><span class='ocrx_word' id='word_1_110' title='bbox 532 1431 621 1495; x_wconf 80' lang='lat' dir='ltr'>mi</span> <span class='ocrx_word' id='word_1_111' title='bbox 685 1435 966 1516; x_wconf 87' lang='lat' dir='ltr'>privatim</span> <span class='ocrx_word' id='word_1_112' title='bbox 1023 1450 1305 1516; x_wconf 84' lang='lat' dir='ltr'>praecepta</span> <span class='ocrx_word' id='word_1_113' title='bbox 1361 1435 1628 1498; x_wconf 81' lang='lat' dir='ltr'>dederam</span> <span class='ocrx_word' id='word_1_114' title='bbox 1651 1482 1669 1512; x_wconf 90' lang='lat'>‚</span> <span class='ocrx_word' id='word_1_115' title='bbox 1736 1435 2055 1498; x_wconf 68' lang='lat' dir='ltr'>anstiffima</span> <span class='ocrx_word' id='word_1_116' title='bbox 2096 1437 2213 1497; x_wconf 83' lang='lat' dir='ltr'>haec</span> <span class='ocrx_word' id='word_1_117' title='bbox 2259 1434 2455 1497; x_wconf 80' lang='lat' dir='ltr'>eadem</span> 
     </span>
     <span class='ocr_line' id='line_1_14' title="bbox 534 1513 2459 1595; baseline 0 -21"><span class='ocrx_word' id='word_1_118' title='bbox 534 1533 699 1574; x_wconf 88' lang='lat' dir='ltr'>nunc</span> <span class='ocrx_word' id='word_1_119' title='bbox 741 1533 812 1574; x_wconf 83' lang='lat' dir='ltr'>ex</span> <span class='ocrx_word' id='word_1_120' title='bbox 853 1513 964 1575; x_wconf 90' lang='lat' dir='ltr'>hoc</span> <span class='ocrx_word' id='word_1_121' title='bbox 1005 1513 1241 1594; x_wconf 89' lang='lat' dir='ltr'>publico</span> <span class='ocrx_word' id='word_1_122' title='bbox 1281 1514 1412 1577; x_wconf 87' lang='lat' dir='ltr'>loco</span> <span class='ocrx_word' id='word_1_123' title='bbox 1453 1515 1694 1578; x_wconf 70' lang='lat' dir='ltr'>strifflm</span> <span class='ocrx_word' id='word_1_124' title='bbox 1739 1535 2016 1577; x_wconf 86' lang='lat' dir='ltr'>renovare</span> <span class='ocrx_word' id='word_1_125' title='bbox 2056 1515 2265 1595; x_wconf 82' lang='lat' dir='ltr'>poss&#39;em</span> <span class='ocrx_word' id='word_1_126' title='bbox 2299 1559 2315 1574; x_wconf 93' lang='lat'><strong>.</strong></span> <span class='ocrx_word' id='word_1_127' title='bbox 2372 1513 2459 1574; x_wconf 90' lang='lat' dir='ltr'>Ut</span> 
     </span>
     <span class='ocr_line' id='line_1_15' title="bbox 532 1590 2464 1676; baseline 0.001 -24"><span class='ocrx_word' id='word_1_128' title='bbox 532 1612 680 1653; x_wconf 83' lang='lat' dir='ltr'>vere</span> <span class='ocrx_word' id='word_1_129' title='bbox 718 1590 936 1668; x_wconf 85' lang='lat' dir='ltr'>fatear,</span> <span class='ocrx_word' id='word_1_130' title='bbox 979 1594 1129 1655; x_wconf 90' lang='lat' dir='ltr'>mihi</span> <span class='ocrx_word' id='word_1_131' title='bbox 1173 1593 1320 1656; x_wconf 89' lang='lat' dir='ltr'>nihil</span> <span class='ocrx_word' id='word_1_132' title='bbox 1367 1595 1430 1656; x_wconf 90' lang='lat' dir='ltr'>in</span> <span class='ocrx_word' id='word_1_133' title='bbox 1473 1595 1638 1670; x_wconf 88' lang='lat' dir='ltr'>vita,</span> <span class='ocrx_word' id='word_1_134' title='bbox 1682 1616 1756 1657; x_wconf 86' lang='lat' dir='ltr'>ne</span> <span class='ocrx_word' id='word_1_135' title='bbox 1787 1596 1977 1657; x_wconf 87' lang='lat' dir='ltr'>vitam</span> <span class='ocrx_word' id='word_1_136' title='bbox 2016 1593 2252 1676; x_wconf 88' lang='lat' dir='ltr'>quidem</span> <span class='ocrx_word' id='word_1_137' title='bbox 2272 1591 2464 1674; x_wconf 83' lang='lat' dir='ltr'>ipsam·</span> 
     </span>
     <span class='ocr_line' id='line_1_16' title="bbox 534 1671 2459 1765; baseline -0.001 -33"><span class='ocrx_word' id='word_1_138' title='bbox 534 1671 845 1753; x_wconf 66' lang='lat' dir='ltr'>contigisse</span> <span class='ocrx_word' id='word_1_139' title='bbox 876 1713 895 1746; x_wconf 91' lang='lat'>‚</span> <span class='ocrx_word' id='word_1_140' title='bbox 951 1673 1108 1765; x_wconf 82' lang='lat' dir='ltr'>quod</span> <span class='ocrx_word' id='word_1_141' title='bbox 1149 1693 1283 1736; x_wconf 88' lang='lat' dir='ltr'>cum</span> <span class='ocrx_word' id='word_1_142' title='bbox 1329 1674 1497 1745; x_wconf 81' lang='lat' dir='ltr'>hujus</span> <span class='ocrx_word' id='word_1_143' title='bbox 1559 1675 1674 1737; x_wconf 90' lang='lat' dir='ltr'>diei</span> <span class='ocrx_word' id='word_1_144' title='bbox 1717 1673 1989 1738; x_wconf 86' lang='lat' dir='ltr'>felicitate</span> <span class='ocrx_word' id='word_1_145' title='bbox 2027 1671 2321 1747; x_wconf 89' lang='lat' dir='ltr'>conferri,</span> <span class='ocrx_word' id='word_1_146' title='bbox 2382 1690 2459 1757; x_wconf 82' lang='lat' dir='ltr'>ne</span> 
     </span>
     <span class='ocr_line' id='line_1_17' title="bbox 532 1749 2465 1838; baseline -0.001 -26"><span class='ocrx_word' id='word_1_147' title='bbox 532 1752 681 1813; x_wconf 88' lang='lat' dir='ltr'>dum</span> <span class='ocrx_word' id='word_1_148' title='bbox 724 1749 989 1814; x_wconf 77' lang='lat' dir='ltr'>anteferri</span> <span class='ocrx_word' id='word_1_149' title='bbox 1029 1770 1241 1836; x_wconf 81' lang='lat' dir='ltr'>queat,</span> <span class='ocrx_word' id='word_1_150' title='bbox 1281 1756 1344 1817; x_wconf 92' lang='lat' dir='ltr'>in</span> <span class='ocrx_word' id='word_1_151' title='bbox 1377 1774 1499 1838; x_wconf 88' lang='lat' dir='ltr'>quo</span> <span class='ocrx_word' id='word_1_152' title='bbox 1541 1755 1798 1818; x_wconf 82' lang='lat' dir='ltr'>secundae</span> <span class='ocrx_word' id='word_1_153' title='bbox 1842 1752 2088 1817; x_wconf 84' lang='lat' dir='ltr'>fortunae</span> <span class='ocrx_word' id='word_1_154' title='bbox 2127 1770 2268 1815; x_wconf 80' lang='lat' dir='ltr'>meae</span> <span class='ocrx_word' id='word_1_155' title='bbox 2300 1768 2465 1815; x_wconf 65' lang='lat' dir='ltr'>tran-³</span> 
     </span>
     <span class='ocr_line' id='line_1_18' title="bbox 534 1829 2457 1924; baseline 0.001 -32"><span class='ocrx_word' id='word_1_156' title='bbox 534 1829 884 1921; x_wconf 71' lang='lat' dir='ltr'>quilliffimo</span> <span class='ocrx_word' id='word_1_157' title='bbox 921 1833 1106 1911; x_wconf 85' lang='lat' dir='ltr'>statu,</span> <span class='ocrx_word' id='word_1_158' title='bbox 1148 1849 1323 1916; x_wconf 86' lang='lat' dir='ltr'>atque</span> <span class='ocrx_word' id='word_1_159' title='bbox 1366 1835 1538 1907; x_wconf 82' lang='lat' dir='ltr'>hujus</span> <span class='ocrx_word' id='word_1_160' title='bbox 1577 1835 2011 1916; x_wconf 74' lang='lat' dir='ltr'>navigationi3‚</span> <span class='ocrx_word' id='word_1_161' title='bbox 2051 1850 2179 1924; x_wconf 80' lang='lat' dir='ltr'>quae</span> <span class='ocrx_word' id='word_1_162' title='bbox 2211 1831 2338 1895; x_wconf 83' lang='lat' dir='ltr'>vita</span> <span class='ocrx_word' id='word_1_163' title='bbox 2367 1829 2457 1893; x_wconf 90' lang='lat' dir='ltr'>di·</span> 
     </span>
     <span class='ocr_line' id='line_1_19' title="bbox 536 1910 2456 1996; baseline -0.001 -24"><span class='ocrx_word' id='word_1_164' title='bbox 536 1925 726 1985; x_wconf 82' lang='lat' dir='ltr'>citur,</span> <span class='ocrx_word' id='word_1_165' title='bbox 768 1910 1111 1974; x_wconf 73' lang='lat' dir='ltr'>securissimo</span> <span class='ocrx_word' id='word_1_166' title='bbox 1152 1932 1325 1994; x_wconf 88' lang='lat' dir='ltr'>portu</span> <span class='ocrx_word' id='word_1_167' title='bbox 1352 1962 1372 1993; x_wconf 96' lang='lat'>,</span> <span class='ocrx_word' id='word_1_168' title='bbox 1416 1931 1485 1978; x_wconf 90' lang='lat' dir='ltr'>ut</span> <span class='ocrx_word' id='word_1_169' title='bbox 1530 1931 1667 1979; x_wconf 80' lang='lat' dir='ltr'>aetas</span> <span class='ocrx_word' id='word_1_170' title='bbox 1709 1936 1839 1976; x_wconf 88' lang='lat' dir='ltr'>mea</span> <span class='ocrx_word' id='word_1_171' title='bbox 1881 1912 2219 1996; x_wconf 81' lang='lat' dir='ltr'>jampridem</span> <span class='ocrx_word' id='word_1_172' title='bbox 2263 1911 2456 1993; x_wconf 85' lang='lat' dir='ltr'>ingra-</span> 
     </span>
     <span class='ocr_line' id='line_1_20' title="bbox 534 1989 2454 2078; baseline -0.002 -26"><span class='ocrx_word' id='word_1_173' title='bbox 534 1991 769 2052; x_wconf 71' lang='lat' dir='ltr'>vescens</span> <span class='ocrx_word' id='word_1_174' title='bbox 813 1991 1188 2072; x_wconf 83' lang='lat' dir='ltr'>placidiffime</span> <span class='ocrx_word' id='word_1_175' title='bbox 1229 1994 1633 2078; x_wconf 86' lang='lat' dir='ltr'>conquiescat,</span> <span class='ocrx_word' id='word_1_176' title='bbox 1674 1993 1974 2075; x_wconf 87' lang='lat' dir='ltr'>Alphonso</span> <span class='ocrx_word' id='word_1_177' title='bbox 2017 2013 2155 2055; x_wconf 87' lang='lat' dir='ltr'>vero</span> <span class='ocrx_word' id='word_1_178' title='bbox 2197 1989 2454 2070; x_wconf 86' lang='lat' dir='ltr'>Principi</span> 
     </span>
     <span class='ocr_line' id='line_1_21' title="bbox 538 2069 2454 2152; baseline -0.002 -20"><span class='ocrx_word' id='word_1_179' title='bbox 538 2069 796 2150; x_wconf 85' lang='lat' dir='ltr'>Optimo</span> <span class='ocrx_word' id='word_1_180' title='bbox 837 2086 902 2133; x_wconf 88' lang='lat' dir='ltr'>ut</span> <span class='ocrx_word' id='word_1_181' title='bbox 943 2072 1145 2133; x_wconf 87' lang='lat' dir='ltr'>omnia</span> <span class='ocrx_word' id='word_1_182' title='bbox 1184 2070 1425 2136; x_wconf 85' lang='lat' dir='ltr'>feliciter</span> <span class='ocrx_word' id='word_1_183' title='bbox 1466 2072 1785 2152; x_wconf 48' lang='lat' dir='ltr'>fecundes,</span> <span class='ocrx_word' id='word_1_184' title='bbox 1830 2090 1892 2135; x_wconf 86' lang='lat' dir='ltr'>at</span> <span class='ocrx_word' id='word_1_185' title='bbox 1935 2093 2006 2134; x_wconf 89' lang='lat' dir='ltr'>ue</span> <span class='ocrx_word' id='word_1_186' title='bbox 2046 2072 2088 2132; x_wconf 87' lang='lat' dir='ltr'>fi</span> <span class='ocrx_word' id='word_1_187' title='bbox 2126 2069 2268 2152; x_wconf 89' lang='lat' dir='ltr'>quid</span> <span class='ocrx_word' id='word_1_188' title='bbox 2313 2069 2391 2129; x_wconf 89' lang='lat' dir='ltr'>est</span> <span class='ocrx_word' id='word_1_189' title='bbox 2433 2112 2454 2140; x_wconf 90' lang='lat'>‚</span> 
     </span>
     <span class='ocr_line' id='line_1_22' title="bbox 538 2147 2457 2231; baseline 0.005 -19"><span class='ocrx_word' id='word_1_190' title='bbox 538 2148 701 2231; x_wconf 87' lang='lat' dir='ltr'>&#39;quod</span> <span class='ocrx_word' id='word_1_191' title='bbox 740 2148 814 2211; x_wconf 88' lang='lat' dir='ltr'>ad</span> <span class='ocrx_word' id='word_1_192' title='bbox 856 2149 976 2221; x_wconf 85' lang='lat' dir='ltr'>ejus</span> <span class='ocrx_word' id='word_1_193' title='bbox 1017 2149 1359 2214; x_wconf 85' lang='lat' dir='ltr'>felicitatem</span> <span class='ocrx_word' id='word_1_194' title='bbox 1399 2152 1810 2213; x_wconf 85' lang='lat' dir='ltr'>cumulandam</span> <span class='ocrx_word' id='word_1_195' title='bbox 1850 2172 1885 2212; x_wconf 87' lang='lat' dir='ltr'>a</span> <span class='ocrx_word' id='word_1_196' title='bbox 1929 2151 2091 2230; x_wconf 86' lang='lat' dir='ltr'>iungi</span> <span class='ocrx_word' id='word_1_197' title='bbox 2132 2147 2299 2227; x_wconf 80' lang='lat' dir='ltr'>poffit</span> <span class='ocrx_word' id='word_1_198' title='bbox 2333 2191 2352 2220; x_wconf 71' lang='lat'><em>2</em></span> <span class='ocrx_word' id='word_1_199' title='bbox 2394 2147 2457 2210; x_wconf 74' lang='lat' dir='ltr'>id</span> 
     </span>
     <span class='ocr_line' id='line_1_23' title="bbox 536 2225 2337 2314; baseline -0.005 -19"><span class='ocrx_word' id='word_1_200' title='bbox 536 2247 621 2295; x_wconf 82' lang='lat' dir='ltr'>ne</span> <span class='ocrx_word' id='word_1_201' title='bbox 659 2227 885 2292; x_wconf 87' lang='lat' dir='ltr'>diutius</span> <span class='ocrx_word' id='word_1_202' title='bbox 925 2229 1301 2311; x_wconf 76' lang='lat' dir='ltr'>desideretur,</span> <span class='ocrx_word' id='word_1_203' title='bbox 1346 2248 1404 2296; x_wconf 89' lang='lat' dir='ltr'>te</span> <span class='ocrx_word' id='word_1_204' title='bbox 1445 2249 1629 2314; x_wconf 85' lang='lat' dir='ltr'>rogo,</span> <span class='ocrx_word' id='word_1_205' title='bbox 1674 2251 1777 2294; x_wconf 84' lang='lat' dir='ltr'>oro</span> <span class='ocrx_word' id='word_1_206' title='bbox 1801 2272 1821 2306; x_wconf 88' lang='lat'>,</span> <span class='ocrx_word' id='word_1_207' title='bbox 1859 2229 2123 2292; x_wconf 85' lang='lat' dir='ltr'>obsecro.</span> <span class='ocrx_word' id='word_1_208' title='bbox 2163 2225 2304 2288; x_wconf 83' lang='lat' dir='ltr'>Dixi</span> <span class='ocrx_word' id='word_1_209' title='bbox 2321 2266 2337 2286; x_wconf 87' lang='grc'><strong>.</strong></span> 
     </span>
    </p>
   </div>
   <div class='ocr_carea' id='block_1_3' title="bbox 1056 2770 1987 3254">
    <p class='ocr_par' dir='ltr' id='par_1_3' title="bbox 1056 2770 1987 3254">
     <span class='ocr_line' id='line_1_24' title="bbox 1056 2770 1987 3254; baseline 0 1305"><span class='ocrx_word' id='word_1_210' title='bbox 1056 2770 1987 3254; x_wconf 95' lang='lat' dir='ltr'> </span> 
     </span>
    </p>
   </div>
   <div class='ocr_carea' id='block_1_4' title="bbox 2157 3867 2448 3968">
    <p class='ocr_par' dir='ltr' id='par_1_4' title="bbox 2157 3867 2448 3968">
     <span class='ocr_line' id='line_1_25' title="bbox 2157 3867 2448 3968; baseline 0.003 -1"><span class='ocrx_word' id='word_1_211' title='bbox 2157 3903 2374 3968; x_wconf 76' lang='lat' dir='ltr'>BAR-</span> <span class='ocrx_word' id='word_1_212' title='bbox 2441 3867 2448 3876; x_wconf 48' lang='lat'>⁵</span> 
     </span>
    </p>
   </div>
  </div>
 </body>
</html>
