3000 4559
208 621 286 708 quo
316 591 483 682 dabirinaa
516 658 527 693 ,
558 598 832 703 eruditionisque
864 601 926 677 sua
959 591 1082 706 opibus·
1112 620 1171 686 ero

215 746 306 794 toros
335 743 503 822 augeret,
532 714 686 792 Patriam
715 740 822 807 vero,
841 738 910 818 qua
938 706 1031 793 nihil
1059 705 1170 796 catius

213 831 316 908 debet
345 832 440 924 esse,
469 831 660 922 fraudaret.
691 829 866 933 Igitur&
895 831 1018 909 Patria
1047 833 1172 909 dende»

213 943 300 1037 rio,
339 950 374 1021 ἃ
399 944 516 1021 studio
550 943 634 1018 item
673 943 906 1049 cognoscendi
948 944 1033 1046 quid
1064 944 1173 1022 sortus

214 1086 340 1135 aarum
370 1087 415 1136 ex
443 1055 640 1134 haereditate'
672 1054 708 1131 in
739 1084 780 1132 ea
808 1058 849 1131 ad
878 1059 911 1134 se
941 1057 1172 1161 pervenisset,

213 1173 371 1249 oblatam
407 1171 548 1274 publice
587 1168 624 1244 in
654 1169 770 1246 Patria
808 1172 958 1249 docendi
996 1171 1174 1249 conditio·

213 1314 297 1362 nem
337 1286 506 1388 accepit,
547 1284 646 1384 seque
687 1285 728 1358 ad
770 1309 847 1360 eam
886 1286 1050 1363 contulit·
1077 1305 1172 1363 anno

213 1403 475 1475 MDXXXIV.
524 1426 603 1474 cum
637 1396 711 1498 ipse
749 1419 880 1473 annum
919 1405 1053 1475 XLIV.
1090 1399 1173 1477 attis

215 1510 337 1614 gisset.
376 1511 573 1588 Consilium
610 1508 744 1586 Uxoris
767 1512 945 1588 ducendae
984 1532 1175 1615 numquam

211 1651 382 1722 ceperat,
412 1627 494 1702 dum
524 1624 631 1703 AEdes'
661 1623 793 1700 alienas
834 1625 1038 1717 habitaret,
1078 1628 1174 1728 cepit

210 1736 336 1841 Lugi,
375 1738 456 1814 dum
486 1739 578 1815 suas.
616 1739 736 1815 Duxit
765 1761 882 1814 autem
913 1740 1078 1816 Fsoriam·
1102 1747 1173 1818 Raa

210 1849 382 1945 variam,
420 1872 494 1955 q'uae
522 1851 632 1955 ipsum
663 1879 735 1928 non
768 1851 936 1930 mediocri
974 1852 1073 1931 auxit
1094 1853 1171 1930 dor

212 1988 280 2055 te,
312 1967 347 2039 ἃ
375 1964 482 2041 etiam
510 1966 653 2070 sobole3
681 1965 738 2042 sed
767 1993 846 2042 cum
878 1969 996 2068 paullo
1026 1968 1098 2068 post
1118 1968 1172 2044 in·

213 2076 336 2152 testina
374 2078 509 2154 dissidia
540 2085 678 2183 Lugum
699 2079 828 2174 ,rursus
857 2080 1106 2185 exagitarent,
1145 2080 1174 2158 i*

213 2190 271 2291 pse
283 2191 461 2267 Litcrariae
479 2192 610 2292 quietis
639 2192 843 2292 percupidus
862 2198 1072 2269 Ravennam
1093 2220 1175 2269 cum

214 2301 340 2379 Uxore
371 2305 568 2395 concessit,
604 2321 674 2406 qula
715 2303 754 2378 sn
794 2299 893 2378 Urbe
929 2297 1175 2380 amiciffinrum

213 2416 366 2492 habebat
405 2415 641 2520 Augustinum
682 2415 866 2493 Abiofium
899 2468 910 2509 ,
946 2431 1099 2519 quocum
1140 2416 1176 2493 bt

210 2528 385 2623 Patavii,
424 2533 459 2606 bc
492 2529 657 2609 Venetiis
683 2528 950 2607 familiarissime
990 2531 1130 2608 vixerat
1161 2575 1173 2626 5

212 2642 426 2722 tumetium
454 2641 543 2721 alios
571 2646 719 2750 ejusdcm
751 2644 911 2721 Familiae
942 2643 1173 2721 viram-aaa

211 2777 336 2831 venno
374 2757 513 2857 publice
539 2758 659 2834 docuit
689 2759 923 2832 honestissima
966 2756 1174 2834 conditione

212 2893 417 2968 exceptus,
471 2868 528 2945 sed
577 2888 673 2946 anno
722 2874 1022 2948 MDxxxvlll.
1060 2871 1097 2945 in
1137 2871 1174 2946 id
1261 2954 1268 2969 .

211 2979 331 3057 morbi
367 2980 533 3073 incidit,
569 2984 660 3058 unde
704 2984 830 3062 mortis
870 3011 983 3060 metus
1021 2984 1172 3058 omuino

213 3095 302 3170 suita
337 3099 455 3190 Quare
493 3095 735 3172 testamentum
765 3099 953 3186 condidit,
984 3113 1086 3196 qua,
1123 3100 1175 3169 Ua

213 3235 303 3286 xore
330 3206 461 3284 haeredc
481 3205 661 3297 institutas
681 3211 820 3311 (neque
840 3210 937 3285 e'nim
966 3208 1076 3283 adhuc
1095 3220 1175 3307 pror

215 3322 289 3398 lem
316 3319 531 3422 susceperat)
553 3319 811 3396 Bibliothecam
832 3321 1029 3426 Augustino
1058 3321 1175 3398 Abioo'

216 3438 266 3512 sto
311 3434 473 3540 legavit;
505 3432 632 3535 scripta
661 3452 745 3510 vcro
774 3436 830 3510 sua
862 3435 1006 3535 reliquit
1046 3438 1177 3512 Paulsb'

216 3550 416 3638 Manutio,
444 3550 539 3650 cujus
567 3547 649 3622 Viri
680 3548 867 3623 dobbisstmi
895 3547 1005 3637 fidei,
1044 3568 1084 3620 ac
1108 3548 1175 3651 'ju

221 3661 316 3739 dicio
354 3691 392 3738 ea
422 3660 706 3738 commendavit.
743 3667 876 3738 Verum
904 3686 949 3738 ex
985 3648 1054 3736 boe
1082 3670 1176 3737 siabr-

221 3777 266 3853 bo
295 3804 412 3855 tamen
448 3775 602 3854 feliciter
637 3776 774 3953 erasrtb,
815 3776 1001 3880 potuitque
1042 3774 1175 3890 rursum

800 3907 819 3976 3
1098 3900 1133 3947 sn
