3000 4559
527 467 937 528 ORATIONEL
1125 485 1165 547 π

246 545 378 607 Melitam
399 543 541 620 fraslurn,
564 545 656 608 vestra
675 549 748 609 item
772 547 835 628 [ne
877 546 926 607 uid
945 546 1062 627 gravius
1083 545 1208 631 dicam]

246 626 372 700 lelidia,
395 626 440 686 vel
463 626 590 689 remulco
612 627 744 688 triremes
765 627 869 707 remigr
891 646 950 698 us,
969 642 1057 707 atque
1079 627 1206 690 defenso·

246 704 318 766 :ibus
343 705 433 766 nudas
454 707 636 781 trahentem,
657 722 747 787 atque
769 727 804 767 ex
828 704 1006 769 ornatiffima
1022 705 1112 766 vellra
1128 709 1208 770 classe

246 783 425 865 beslantes,
455 783 591 866 aufugere
612 785 800 866 permisistis.
830 785 918 846 Coite
948 783 1066 845 tandem
1088 806 1122 845 ex
1142 804 1207 848 toto

247 865 361 939 inimo,
384 881 470 946 atque
492 866 561 938 ita,
583 882 616 926 ut
638 864 688 926 ille
708 883 808 946 captus
830 865 912 926 nullo
932 864 1025 927 vestro
1046 865 1078 926 in
1099 866 1206 926 vellros

247 941 328 1018 lolo,
350 942 431 1005 nulla
451 945 542 1006 vellra
564 943 744 1026 negligentia
762 966 778 1006 e
796 944 929 1006 manibus
947 944 1044 1006 vestris
1062 944 1207 1007 elabatur.

247 1020 360 1085 lnduite
387 1022 460 1086 hanc
489 1022 671 1086 fornffimam
699 1042 904 1102 armaturam,
932 1024 981 1085 vel
1009 1025 1108 1106 potius
1132 1024 1207 1087 hosti

247 1099 334 1165 uestro
354 1103 475 1184 eripite,
497 1125 587 1193 quam
609 1105 689 1166 nulla
710 1104 778 1169 ferti
800 1107 892 1180 acies,
913 1104 1010 1166 nullus
1030 1104 1207 1168 acutiffimus

247 1202 359 1258 mucro,
381 1184 464 1245 nulla
484 1205 529 1244 vrs
552 1185 739 1247 tormentaria
758 1186 915 1270 quicquam
932 1183 1130 1248 labefactabit.
1152 1186 1206 1247 Al·

247 1276 285 1324 ter
306 1261 390 1325 alteri
412 1262 566 1325 concordes
587 1264 707 1340 adseris,
737 1283 826 1348 atque
854 1265 937 1326 fimul
965 1265 1070 1326 animis
1099 1266 1205 1329 arelius

247 1342 393 1414 eonjunui
414 1363 514 1404 omnes
538 1343 647 1405 hoslcm
669 1345 825 1417 invadite,
854 1345 885 1406 ἃ
904 1361 1023 1424 captum
1045 1344 1141 1425 postea
1163 1367 1206 1407 re-

247 1421 363 1485 tinete.
392 1423 435 1484 Sit
458 1422 524 1499 satis
545 1445 562 1484 a
584 1423 746 1496 Maioribus
768 1424 867 1486 vestris
890 1424 963 1486 odiis
995 1424 1137 1488 intestinis
1159 1425 1207 1486 de-

247 1518 416 1576 certatum,
454 1501 520 1563 latis
559 1503 691 1564 universa
727 1503 846 1585 Europa
883 1503 1020 1583 sanguine
1069 1503 1207 1565 Christia-

247 1601 280 1643 no
303 1581 479 1651 inundarit;
500 1582 567 1645 satis
587 1584 744 1662 Tyrannus
765 1586 816 1647 iste
838 1584 936 1647 vestris
958 1582 1106 1644 discordiis
1127 1586 1207 1647 exul·

247 1661 343 1723 tarit.
375 1662 485 1722 Mirum
519 1662 586 1733 ell,
628 1660 773 1744 Principes
815 1664 1009 1736 Christiani,
1054 1665 1132 1753 quod
1173 1666 1206 1726 in

247 1739 319 1802 lranc
351 1740 521 1803 sententiam
551 1742 630 1805 brevi
663 1744 780 1804 dicam.
811 1745 984 1806 Familiares
1006 1742 1099 1806 rustici
1120 1765 1205 1807 canes

247 1819 323 1881 domi
347 1821 421 1882 inter
441 1820 468 1882 se
488 1822 526 1883 ob
546 1843 604 1899 rem
626 1822 765 1885 cibariam
788 1824 921 1886 dentibus
942 1824 1135 1886 dilacerantur
1154 1848 1163 1897 3
1184 1825 1205 1887 li

248 1919 313 1962 vero
341 1900 449 1962 interea
468 1903 595 1964 alienum
628 1903 658 1964 in
687 1924 784 1966 aream
814 1905 1023 1985 ingredientem
1045 1904 1206 1984 aspiciunt,

248 1979 399 2055 continuo,
421 1982 526 2043 relislis
547 1982 688 2057 cibarirS,
717 1984 754 2044 ad
783 2005 850 2045 eum
872 2005 973 2046 omnes
994 1982 1071 2045 fuero
1092 1986 1206 2065 impetu

248 2057 415 2140 discerptum
443 2078 620 2136 accurrunt,
651 2079 738 2142 atque
768 2063 850 2124 illum
880 2064 995 2125 rabiosrs
1025 2063 1205 2126 morfibusa

248 2135 300 2200 suis
321 2139 439 2201 Laribus
460 2140 632 2221 expellunt.
665 2141 705 2201 Et
727 2162 805 2216 vos,
825 2144 928 2224 quibus
950 2143 1024 2204 ratio
1047 2163 1064 2202 a
1085 2158 1208 2218 natura,

248 2216 275 2277 bc
295 2239 311 2279 a
332 2221 394 2281 Deo
415 2222 542 2299 Optimo
565 2221 600 2279 ad
622 2236 735 2281 caeteros
758 2222 959 2300 gubernandos
983 2221 1136 2300 prudentia
1156 2221 1208 2282 da·

248 2310 276 2356 ta
296 2300 353 2368 est,
374 2299 492 2358 canibus
515 2298 755 2377 imprudentiores
777 2301 874 2373 eritis,
897 2301 949 2381 qui
971 2318 1060 2379 quem
1080 2298 1204 2361 videatis

248 2371 275 2435 in
294 2378 419 2437 vestrum
440 2377 576 2456 Regnum
607 2376 715 2437 hostem
745 2394 890 2439 armatum
918 2377 1127 2459 ingredientem
1155 2400 1207 2442 vo·

248 2450 353 2516 biscum
376 2455 495 2515 obrem
516 2453 689 2517 levissimam
711 2472 899 2548 pugnantes,
920 2479 954 2520 ea
974 2459 1075 2520 saltem
1096 2460 1128 2520 in
1150 2460 1206 2521 hoc

248 2546 356 2614 tempus
376 2534 512 2616 seposita,
532 2536 682 2598 unanimes
703 2537 733 2597 in
755 2538 841 2600 rllum
861 2559 921 2600 non
943 2536 1076 2600 irruetis?
1098 2558 1132 2601 ac
1152 2538 1207 2602 sta·

248 2612 299 2674 tim
323 2614 400 2676 hunc
420 2637 437 2677 a
459 2617 558 2679 vestris
587 2615 710 2678 fortunis
740 2639 799 2682 non
827 2619 927 2699 procul
955 2617 1125 2700 repelletis?
1155 2640 1205 2683 eos

249 2691 359 2768 dentes,
380 2715 453 2778 quos
475 2696 506 2756 in
528 2716 581 2758 vos
602 2695 710 2759 rabiose
730 2701 885 2775 exercetis,
905 2700 937 2762 in
957 2698 1203 2761 sceleratissimum

250 2768 353 2835 bollem
376 2796 435 2837 non
456 2770 583 2838 acuetis?
604 2797 662 2838 non
686 2798 753 2840 eum
774 2780 944 2854 mordicus,
964 2801 1030 2841 cum
1053 2800 1135 2841 arma
1157 2780 1204 2841 de-

253 2848 325 2928 fint,
345 2852 549 2918 dilaniabitis?
571 2878 630 2918 non
652 2857 740 2940 usque
761 2879 855 2941 uaque
876 2881 894 2921 a
913 2860 1013 2921 vestris
1034 2858 1139 2922 finibus
1161 2881 1206 2922 ar·

253 2931 345 3016 §ebitis
371 2932 382 2994 l
405 2935 552 2997 Verumsr
574 2936 627 2997 hoc
648 2959 665 2998 a
685 2879 804 3000 canibus
820 2938 929 2999 sumere
948 2959 1001 3001 vos
1039 2939 1125 3012 udet,
1147 2939 1204 3000 hoc

254 3010 337 3089 lpsum
360 3035 378 3076 a
398 3013 620 3096 prudentissimis
645 3014 749 3092 Viris,
778 3017 927 3091 Aristide,
957 3018 988 3079 be
1038 3017 1207 3078 hemistocle

254 3082 388 3158 honestius
411 3094 520 3155 sumere
542 3093 654 3154 licebit.
676 3097 756 3156 Nam
776 3118 843 3156 cum
866 3097 953 3157 ambo
974 3117 992 3156 a
1012 3095 1061 3154 sua
1081 3094 1205 3175 Republ.

257 3165 437 3255 legarentur,
469 3194 536 3237 cum
558 3194 591 3233 ex
613 3172 698 3233 Urbis
721 3190 805 3253 porta
827 3175 963 3247 exirent,
993 3173 1204 3250 Themistocli,

256 3254 359 3334 lnquit,
381 3253 518 3316 Aristides
537 3274 546 3323 ;
573 3251 634 3326 hic,
656 3250 865 3329 Themistocles,
885 3275 974 3312 omnes
994 3253 1095 3328 nostras
1109 3251 1208 3326 stmul-

256 3335 333 3410 ωιτη,
354 3334 492 3416 [magnae
513 3332 591 3394 enim
613 3331 650 3392 ab
672 3330 761 3414 usque
781 3331 973 3394 adolescentia
991 3332 1129 3394 intereos
1149 3334 1204 3396 ini·

257 3409 364 3476 micitia:
393 3411 637 3494 intercedebant]
665 3413 793 3492 deponere
817 3411 985 3492 possumus,
1023 3430 1055 3471 ut
1081 3413 1200 3480 Reipub.

258 3490 335 3566 nostre
358 3490 506 3566 fideliorem
536 3510 645 3574 operam
674 3512 834 3560 navemus;
863 3513 909 3551 eas
930 3493 1091 3568 redeuntes,
1111 3492 1141 3567 ſs
1158 3497 1205 3555 vi-

260 3566 374 3648 debitur,
394 3574 570 3651 resumemus.
600 3571 635 3634 ld
655 3571 735 3655 quod
755 3571 963 3633 Themistocles
984 3592 1048 3635 corn
1071 3572 1207 3651 robavit,

259 3661 336 3732 itque
354 3655 397 3715 ita
417 3655 607 3734 Legationem
629 3651 736 3727 suam,
757 3669 791 3714 ut
820 3649 981 3726 volebant,
1002 3652 1038 3715 ab
1050 3652 1204 3716 oluerunt.

256 3716 293 3787 Hi
312 3752 396 3805 vero,
417 3733 495 3814 quod
516 3735 568 3794 uni
590 3752 683 3814 parvae
704 3732 759 3794 suae
780 3730 902 3812 Reipub.
922 3731 1046 3807 dedere,
1072 3753 1125 3795 vos
1146 3734 1205 3813 pri-

255 3815 328 3873 mum
346 3813 446 3878 vestns
465 3811 623 3889 latissimis,
642 3829 729 3898 atque
750 3810 933 3875 nobilissimis
953 3812 1080 3898 Regnis,
1101 3810 1205 3898 deinde

266 3906 269 3911 ·
830 3904 832 3909 ·
1097 3909 1158 3950 unr-

1282 3952 1333 4056 A
