3000 4559
298 480 357 542 152
537 460 792 524 BARTHOL.
816 452 984 523 RlCCll
1141 526 1145 535 ,

261 548 351 608 modo
372 555 534 636 praenomen
553 587 562 617 ,
584 543 782 605 modoetiam
804 563 910 605 nomen
931 544 1072 622 legatur,
1088 526 1223 604 mendunl

259 628 319 687 essee
335 627 478 686 affirmare
500 643 559 684 non
579 623 759 697 dubitarem,
778 623 808 684 δι
830 638 946 683 tantum
966 623 1017 682 elle
1032 621 1148 700 gentile
1166 621 1228 682 Ser·'

257 707 344 786 gium
365 705 506 764 dicerem.
540 703 651 765 Erroris
673 718 770 764 autem
792 703 912 775 caussa,
942 720 1005 783 quae
1027 699 1114 761 suerit
1134 719 1224 780 neque

258 783 378 847 obscura
399 785 454 845 est.
485 784 564 842 Nam
587 802 654 844 cum
676 783 793 844 Servius
822 801 987 862 praenomen
1010 778 1152 841 scribatur
1172 779 1224 842 hoc

258 863 349 926 modo
372 861 462 925 tribus
484 880 599 922 rantum
625 863 714 922 literis
737 865 795 923 Ser.
816 881 908 923 errore
928 859 1073 922 interdum
1095 859 1222 921 additum

210 987 212 992 -
256 943 298 1006 est
320 963 366 1024 g,
396 941 427 1003 ἃ
447 940 626 1002 ita'saslum
657 946 696 1005 est
718 942 926 1033 Serg31taque
958 942 988 1001 in
1010 939 1220 1000 locum-Servii

154 3922 239 4070 ἱ

257 1023 369 1104 irrepsit
402 1021 558 1083 hominum
582 1022 694 1083 incuria
723 1023 869 1102 Sergius3
901 1037 933 1081 ut
954 1040 1010 1100 ego
1040 1018 1151 1100 ubique
1169 1019 1222 1080 Ser.

281 1122 423 1163 raenomen
444 1146 453 1176 ,
475 1101 617 1181 nusquam
639 1102 716 1181 Serg.
738 1101 896 1178 legendum
919 1102 970 1159 esle
990 1099 1170 1159 existimem.
1190 1097 1223 1159 ln

257 1124 384 1246 berino
413 1201 482 1242 vero
513 1180 634 1256 Bruto,
663 1201 730 1242 curn
763 1181 900 1242 Decimus
930 1180 973 1239 ita
995 1177 1137 1240 scribatur
1158 1176 1222 1256 Dec

261 1261 391 1342 imperiti
421 1261 490 1321 item
514 1261 544 1319 in
572 1280 606 1321 ea
627 1279 698 1322 voce
719 1261 889 1340 explicanda
916 1258 1042 1320 Decium
1073 1257 1222 1332 fecerunt,

260 1361 352 1424 quam
373 1339 451 1401 ducii
472 1355 596 1413 contra,
618 1340 774 1402 Decimum
795 1340 1005 1422 pronuntiant.
1025 1337 1088 1413 Qui
1112 1337 1223 1398 veroin

261 1421 372 1482 alienas
392 1418 532 1480 Familias
552 1420 684 1502 adoptati
705 1419 880 1495 essent,ets1
919 1418 961 1479 ari
977 1418 1096 1479 ¹ratione
1112 1416 1146 1478 in
1163 1435 1224 1496 prae·

262 1500 419 1574 nominis,
447 1499 575 1561 nominis
596 1544 606 1575 ,
627 1501 668 1562 ·&
688 1500 871 1581 cognominis
898 1440 1098 1561 llaeteditatem
1129 1495 1223 1559 veuisk

262 1578 466 1655 videbantur,
496 1579 547 1641 sua
568 1596 667 1641 tamen
697 1579 842 1641 interdum
865 1580 954 1639 etiam
976 1576 1145 1639 retinebant
1163 1594 1224 1655 prae·

261 1661 411 1735 nomina,
443 1657 566 1721 nomina
587 1705 595 1734 ,
626 1661 656 1722 δι
677 1661 878 1739 cognomina,
899 1675 931 1718 ut
952 1658 984 1718 in
1004 1655 1224 1736 T.-Pomponio

261 1741 390 1813 Attico,
413 1739 464 1818 qui
487 1739 622 1820 quamvis
643 1739 679 1801 ab
699 1739 846 1800 avunculo
865 1741 902 1813 Q.
923 1736 1045 1798 Caecilio
1073 1735 1221 1815 adoptatus

262 1821 346 1891 esset,
364 1839 382 1877 a
404 1818 544 1880 Cicerone
562 1836 660 1880 tamen
681 1818 768 1879 semel
788 1821 824 1893 Q.
842 1817 976 1879 Caecilius
997 1816 1038 1876 est
1058 1815 1221 1895 inscriptus,

262 1898 335 1959 alias
357 1912 453 1957 autern
468 1898 584 1978 semper
603 1900 640 1957 T.
661 1898 839 1976 Pomponius
862 1897 980 1959 Atticus
999 1896 1040 1956 est
1060 1894 1172 1955 diuus.
1191 1893 1220 1954 ln

263 1976 398 2056 Scipione
418 1993 516 2038 autem
537 1975 675 2039 Africano
697 1977 849 2056 posteriore
871 1996 931 2037 non
952 1977 1022 2045 ita;
1054 1973 1106 2055 qui
1128 1990 1223 2036 cuma

262 2057 296 2121 P.
323 2055 458 2135 Scipione
487 2056 605 2126 majoris
636 2053 765 2117 Africani
795 2055 858 2117 silio
881 2055 1101 2136 adoptaretur,
1132 2051 1220 2114 eodem

262 2136 466 2217 praenomine,
492 2137 523 2198 δι
542 2137 680 2211 nomine,
698 2135 729 2197 δι
750 2136 926 2217 cognomine
946 2136 1057 2214 semper
1078 2133 1118 2193 est
1140 2132 1221 2214 pollea

263 2214 453 2354 appellatus,
475 2215 581 2298 quibus
606 2217 655 2290 is,
678 2236 776 2298 aquo
796 2216 952 2294 adoptatus
973 2214 1094 2286 suerat,
1116 2213 1146 2274 P.
1161 2212 1221 2273 Cor·

263 2316 301 2357 ne
315 2295 358 2356 ius
387 2295 484 2375 Scipio
505 2295 719 2375 appellabatur.
748 2293 796 2356 Ad
818 2297 945 2357 noslram
976 2311 1076 2355 autem
1101 2290 1228 2372 presentie

263 2375 403 2454 temporis
433 2375 604 2436 nominandi
634 2377 778 2436 rationem
807 2373 861 2453 [sr
888 2374 959 2457 quid
981 2375 1038 2434 hoc
1059 2392 1174 2454 quoque
1189 2368 1219 2430 ad

263 2474 326 2517 rem
346 2451 444 2533 facit]
466 2474 520 2535 ego
544 2474 577 2514 ea
599 2455 786 2535 pronominis
807 2456 871 2517 loco
893 2453 1029 2534 ponenda
1050 2454 1169 2514 nomina
1185 2448 1217 2510 es·

264 2534 293 2596 se
312 2532 465 2606 dicerem,
486 2553 549 2614 quae
572 2535 660 2596 nostri
684 2534 731 2595 sua
752 2533 856 2613 lingua
877 2535 993 2614 propria
1014 2533 1164 2613 appellant
1177 2540 1224 2590 nu*

263 2612 373 2685 mina,
402 2626 436 2671 ut
456 2612 622 2685 Hercules,
644 2614 812 2678 Ferantus,
843 2632 907 2694 quae
929 2633 996 2674 cum
1018 2613 1076 2674 suis
1098 2609 1212 2672 Familit

270 2692 306 2753 src
328 2689 360 2750 so
376 2689 508 2764 habent,
537 2706 569 2751 ut
587 2691 626 2750 .C.
647 2690 681 2752 L.
705 2694 734 2752 ἂ
757 2692 868 2775 reliqua
889 2692 1070 2772 praenomina
1091 2693 1147 2752 sese
1162 2706 1225 2749 cum'

267 2770 325 2830 suis
347 2768 509 2828 habebant.
539 2771 639 2849 Atque
660 2772 703 2831 ita
730 2769 854 2832 sacere'm
877 2772 1033 2834 Herculem
1064 2771 1218 2839 Atellium,

266 2849 428 2909 F-erantum
456 2847 684 2936 ¹Gonzaghium.
715 2851 814 2932 Atque
836 2851 1037 2933 hoc-quidem
1066 2851 1104 2910 ad
1125 2867 1219 2931 pratro-

266 2947 351 2987 men.
374 2926 538 3007 Sequitur,
563 2945 595 2989 ut
616 2929 651 2990 de
671 2931 791 2990 nomine
811 2931 978 2993 videamus.
1007 2930 1061 2991 Sed
1084 2950 1158 2991 nunc
1176 2926 1218 2986 mi-

265 3006 299 3073 hi
321 3023 417 3069 tecum
445 3005 530 3067 liceat
551 3008 683 3070 ordinem
712 3027 918 3085 commutare,
947 3025 1036 3091 atque
1056 3011 1095 3072 ad
1118 3007 1218 3070 tertiam

266 3106 319 3168 pro
341 3086 404 3148 osni
435 3085 521 3146 noslri
552 3106 665 3167 partem
698 3090 877 3170 transgredi,
909 3107 942 3152 ut
972 3091 1081 3152 ultimo
1109 3091 1139 3149 in
1167 3087 1219 3147 loco

266 3187 307 3248 po
330 3187 363 3227 ea
391 3165 427 3228 de
447 3166 567 3227 nomine
597 3169 778 3230 commodius
802 3186 932 3249 agatur;
960 3170 1041 3251 quod
1063 3185 1160 3230 tamen
1178 3186 1220 3226 an·

268 3263 388 3335 tequam
410 3246 586 3326 aggrediar,
610 3247 701 3309 locus.
713 3249 856 3328 postulare
878 3249 1024 3324 videtur,
1047 3265 1082 3310 ut
1102 3246 1218 3330 quaedam

270 3326 438 3404 explicem,
468 3345 531 3405 quae
553 3325 589 3386 ab
617 3327 673 3388 hoc
695 3328 791 3388 nostro
812 3328 945 3392 instituto
975 3330 1100 3389 minime
1121 3328 1181 3388 sunt
1197 3345 1223 3383 a·

271 3404 366 3463 liena.
388 3405 469 3466 Nam
489 3425 556 3466 cum
577 3425 637 3466 non
659 3404 827 3481 defuerint,
848 3411 900 3490 qui
920 3409 1054 3470 Familiae
1075 3427 1181 3470 nomen
1198 3401 1223 3463 id

240 3491 243 3498 '
269 3481 321 3541 else
350 3482 461 3546 vellent
484 3525 494 3556 ,
519 3484 599 3564 quod
626 3506 679 3546 nos
702 3487 788 3547 tertio
818 3489 849 3548 in
870 3487 935 3549 loco
955 3488 1106 3568 posuimus
1128 3504 1224 3572 cogno·

269 3580 339 3648 men
362 3557 501 3649 [tametsi
523 3583 600 3625 nunc
622 3564 652 3626 id
675 3565 769 3646 ipsum
791 3567 823 3626 in
845 3567 974 3629 secundo.
989 3569 1157 3649 peragimus
1176 3563 1187 3646 ]
1206 3583 1223 3621 1·

267 3639 303 3699 stl
324 3657 403 3718 prius
423 3660 485 3711 rure
505 3643 621 3722 optimo
642 3644 813 3707 confutandi
835 3646 917 3708 sunt.
948 3646 984 3709 Id
1006 3647 1086 3730 quod
1108 3641 1225 3726 planislr-

270 3737 320 3778 me
335 3713 475 3795 essecero,
492 3735 559 3783 cum
580 3722 728 3785 Ciceronis
745 3726 775 3784 ἃ
796 3722 938 3788 bonorum
953 3743 1124 3789 caeterorum
1146 3725 1226 3805 [nam

270 3810 373 3865 corum
394 3799 555 3867 rationibus
578 3802 745 3883 respondere
762 3846 772 3880 ,
792 3820 881 3888 atque
902 3806 975 3869 adeo
994 3806 1124 3888 proferre
1145 3804 1227 3866 mari·

1153 3904 1199 3948 me
