3000 4559
353 478 553 550 Defensio
574 476 753 547 CONTRA
771 486 884 548 GA5P.
906 489 1103 569 SARDUM„
1132 501 1191 574 (ος

264 566 340 630 'tuero
364 567 383 629 st
406 586 460 647 ego
483 565 536 628 tibi
556 565 682 628 dicam?
712 583 783 628 num
805 567 907 629 saltem
937 566 1060 631 fatebere
1079 563 1233 636 illerum

264 666 361 729 neque
382 667 436 727 ego
457 645 488 707 id
509 645 612 708 faciam
625 692 632 705 .
647 646 723 708 Satis
746 647 800 708 tibi
820 647 872 722 stt,
892 663 981 730 atque
1001 649 1073 712 adeo
1087 650 1149 728 illi,
1164 673 1231 729 me,

263 729 318 810 qui
333 729 357 787 is
379 725 490 801 fuerit,
513 743 575 787 tam
594 726 667 788 belle
688 726 782 803 scire,
816 740 893 788 ¹uam
915 728 966 809 ipsi
989 729 1092 806 scitis,
1112 733 1231 812 quando

266 806 347 869 nde
369 805 440 868 meis
469 805 563 867 verbis
585 807 783 868 recorrexit.
845 827 927 870 erum
949 808 1066 883 miror,
1094 811 1232 893 quinon

265 888 295 950 id
316 904 437 1027 quoque
458 900 486 946 te
506 886 714 962 admonuerit,
744 901 839 949 totam
861 888 942 949 illam
971 889 1009 950 de'
1028 889 1151 952 Platone
1170 909 1234 971 par-

268 984 330 1032 tem
353 964 388 1027 de
401 963 506 1026 endam
527 967 602 1041 esse,
623 987 660 1027 ne
682 967 757 1027 mihi
780 966 1105 1031 validiffimamansam
1127 969 1235 1052 prabet

268 1066 313 1112 res
333 1047 373 1108 ad
392 1043 617 1126 disputandum,
638 1046 658 1108 fi
676 1046 844 1110 Aristoteles
865 1048 939 1110 mihi
960 1050 1111 1112 nonsatis
1132 1048 1235 1131 proba·

267 1140 376 1202 retur,
405 1125 560 1206 prasertim
580 1138 648 1189 cum
676 1128 799 1190 Platone
828 1128 1045 1206 consentienti,
1074 1129 1129 1192 Sed
1150 1145 1234 1192 tuam

266 1208 424 1273 stultitiam
454 1206 513 1278 ejus
535 1208 654 1271 consilio
675 1207 815 1278 majorem
836 1207 916 1270 fuisse
936 1209 1091 1287 albitror,
1126 1210 1179 1295 qui
1199 1227 1235 1272 ut

267 1290 423 1353 Platonem
450 1287 549 1350 vidisse
570 1287 734 1362 videreris,
764 1288 831 1350 satis
853 1289 977 1351 habuisti
996 1311 1004 1362 ;
1025 1294 1132 1351 xutrum
1164 1310 1235 1352 vero

268 1369 343 1431 redte
363 1386 430 1429 eum
451 1367 575 1443 citares,
601 1368 680 1430 nihil·
697 1368 827 1444 curasti,
849 1371 970 1431 utitem
993 1371 1025 1430 in
1046 1369 1236 1444 Plutarcho,

267 1450 299 1512 Β(
320 1448 527 1526 Quintiliano,
550 1448 676 1531 &Lege
694 1449 761 1510 illa.
783 1451 880 1531 Atqui
901 1470 956 1531 ego
978 1450 1108 1512 Platonis
1131 1449 1167 1510 de
1184 1448 1237 1510 isla

270 1548 323 1591 tua
345 1528 474 1589 nominis
486 1528 649 1590 mutatione
666 1529 840 1591 sententiam
860 1529 979 1612 sequor,
1000 1548 1060 1612 qua
1076 1527 1240 1590 nihilcom·

270 1608 386 1672 modius
406 1607 464 1668 dici
485 1608 591 1689 posset.
613 1609 715 1691 lnquit
736 1610 835 1670 enim:
857 1630 892 1671 ea
913 1611 1027 1673 ratione
1054 1610 1178 1671 nomina
1198 1627 1240 1669 re·

271 1690 325 1752 bus
350 1687 526 1778 imponenda
546 1687 629 1764 sunt,
651 1703 685 1751 ut
702 1709 803 1751 earum
825 1707 932 1752 natura
953 1691 985 1753 in
1006 1691 1041 1752 iis
1061 1687 1163 1772 aliquo
1177 1708 1241 1752 mo·

271 1770 311 1831 do
331 1767 531 1850 significetur:
561 1767 666 1851 quibus
698 1770 794 1832 verbis
814 1772 893 1854 quast
916 1771 1098 1852 permittat,
1128 1769 1181 1851 qui
1202 1767 1241 1831 ab

273 1850 330 1912 suis
352 1849 460 1988 iffnaris
482 1850 568 1911 inane
596 1869 730 1925 nomen,
761 1867 851 1935 atque
880 1852 952 1914 adeo
974 1852 1104 1914 maxime
1130 1858 1242 1912 natura

271 1930 326 1993 suae
348 1948 365 1990 a
386 1930 500 1991 versum
521 1929 649 1992 inditum
671 1930 803 2007 habeat,
834 1933 859 1993 is
882 1932 913 1995 id
933 1932 969 1994 ad
991 1948 1126 1995 naturam
1157 1928 1242 1991 suam

270 2009 518 2084 accommodant,
548 2011 625 2072 recle
646 2010 696 2071 nbi
715 2027 899 2074 commutare
919 2011 1004 2094 possit
1022 2032 1032 2082 3
1054 2009 1085 2072 id
1106 2008 1185 2092 quod
1206 2009 1241 2069 itt

272 2089 469 2171 Astyanatia,
488 2103 576 2171 atque
597 2089 775 2151 Scamandro
783 2090 918 2170 placuisse
939 2090 1060 2180 probat.
1084 2089 1166 2150 Nam
1174 2104 1244 2148 cum

273 2171 385 2252 Regius
407 2186 477 2250 puer
498 2169 530 2228 in
551 2169 720 2229 Scamandri
741 2170 863 2229 nomine
884 2169 960 2229 nihil
982 2169 1071 2249 Regii
1093 2167 1244 2240 haberet,

250 2270 342 2312 eum
365 2250 459 2330 magis
484 2247 660 2326 Astyanacta
679 2246 890 2326 appellandum
911 2248 964 2308 esse
986 2246 1116 2318 censuit3
1137 2245 1169 2305 in
1186 2261 1246 2325 qua

272 2348 347 2391 uoce
369 2343 499 2388 extrema
518 2327 583 2386 Rex
604 2324 699 2385 inest.
727 2325 758 2385 Si
782 2325 880 2385 uidem
901 2329 985 2385 Anax
1012 2324 1089 2387 idem
1111 2323 1151 2386 est
1173 2341 1245 2385 cum

272 2413 368 2487 Reges
390 2421 422 2466 ut
440 2404 621 2487 itemsrquis
631 2404 741 2484 Regius
760 2343 841 2466 ilius
852 2404 957 2467 Sardus
978 2419 1149 2479 vocaretur,
1167 2422 1243 2544 (ξιξ

273 2490 357 2548 niam
379 2485 410 2545 in
430 2505 465 2546 ea
486 2503 559 2546 voce
580 2483 700 2544 servitus
721 2503 771 2547 ma
794 2487 816 2545 is
839 2483 1039 2566 significatur,
1059 2482 1181 2567 quamlr
1231 2515 1244 2531 ·

276 2585 323 2628 ras
337 2576 351 2641 ‘,
381 2563 428 2626 vel
451 2576 527 2626 certe
548 2562 623 2625 nihil
645 2562 676 2625 in
697 2583 732 2626 ea
750 2504 815 2640 ed,
836 2566 915 2647 quod
936 2565 1102 2646 principatu
1122 2562 1247 2644 dignum

276 2648 312 2711 stt
330 2689 339 2721 ,
360 2643 427 2706 siin
449 2644 630 2721 Herculem,
652 2660 704 2706 aut
724 2644 880 2708 Hectorem
901 2689 911 2722 ,
932 2656 985 2707 aut
1005 2644 1172 2718 Caesarem,
1193 2657 1247 2706 aut

277 2729 387 2789 horum
415 2724 540 2796 cujusvis
572 2724 664 2787 simile
691 2725 819 2808 Regium
849 2744 958 2789 nomen
985 2737 1249 2797 commutaretur,

274 2805 429 2871 'relliffima
449 2803 530 2867 fieret
550 2806 664 2867 ratione
683 2814 702 2881 ,⁸
744 2805 970 2869 uemadrnodum
992 2826 1011 2868 a
1031 2806 1115 2869 nobis
1135 2802 1252 2866 fadum

275 2887 316 2951 est
337 2906 372 2946 ex
394 2883 503 2946 Estensr
525 2883 647 2946 barbaro
670 2886 701 2946 in
722 2826 837 2951 {atinio
856 2931 865 2962 ,
887 2888 960 2949 item
982 2907 1017 2947 ex
1038 2885 1173 2947 Atestino
1195 2883 1250 2944 im·

273 2966 417 3050 proprio,
438 2966 490 3046 qui
512 2985 547 3024 ex
568 2980 693 3046 utroque
713 2968 886 3048 proprium,
911 2967 942 3028 δ(
963 2966 1104 3028 Latinum
1125 2961 1248 3024 fecimus

275 3045 447 3109 Atellium.
475 3043 527 3104 Ob
548 3044 661 3124 Anglos
686 3058 812 3119 autem,
842 3061 875 3106 ut
892 3047 983 3107 etiam
1013 3043 1052 3105 ob
1079 3044 1249 3132 Ungatos,

273 3127 313 3188 tle
333 3125 471 3188 Studiosis
493 3124 747 3206 optimemereris.
768 3124 896 3198 Discite,
917 3122 1059 3197 Studiosr,
1081 3123 1188 3184 Latme
1207 3120 1249 3181 lo·

300 3207 332 3268 ui
353 3227 371 3267 a
391 3206 531 3280 barbaro,
554 3218 643 3286 atque
664 3200 876 3265 infantissimo.
899 3203 941 3268 Et
957 3224 1017 3265 non
1041 3206 1156 3264 mecu'm
1177 3199 1207 3260 in
1227 3199 1250 3262 i·

274 3226 351 3352 λιιι
372 3286 586 3367 impudentiam
609 3281 756 3345 calamum
772 3283 903 3346 sumitis?
925 3300 1013 3364 arque
1034 3283 1077 3345 ita
1098 3279 1185 3343 illum
1206 3297 1251 3342 ra*

301 3366 392 3441 ratis,
413 3382 446 3429 ut
461 3364 587 3447 dignum
608 3365 665 3437 est,
686 3364 738 3446 qui
761 3385 814 3426 vos
835 3364 878 3426 ita
898 3363 1023 3427 ludibrio
1046 3359 1196 3435 habuerit,
1216 3373 1252 3421 ut

275 3387 453 3521 lalfissrma,
490 3461 579 3528 arque
609 3442 805 3507 barbarissnna
834 3465 887 3507 vos
917 3444 1020 3505 docere
1047 3435 1254 3523 profiteatur?

279 3526 366 3603 Quid
391 3546 462 3588 vero
483 3523 587 3587 illud?
609 3547 642 3584 ue
661 3525 756 3586 dicam
779 3525 883 3585 Italis.
905 3524 1005 3585 Primo
1024 3522 1104 3583 enim
1126 3519 1191 3582 loco
1211 3518 1256 3579 di·

282 3606 410 3671 cendum
431 3604 505 3681 fult,
527 3605 669 3683 Italis,ne
688 3605 782 3668 dicam
792 3606 953 3679 Germanis,
974 3603 1124 3688 Historiis,
1145 3599 1255 3662 Gallis.

285 3778 289 3785 '
327 3771 427 3828 Fateor
440 3788 545 3846 quoque
562 3788 596 3826 ex
618 3765 798 3829 Diocletiane
814 3765 896 3846 Legis
910 3762 1051 3843 sanfiioue
1072 3762 1226 3823 Pr'aeuomen
1248 3801 1258 3832 ,

285 3849 422 3971 Nil-m)
452 3844 491 3910 <ty
514 3850 669 3930 cognomen
691 3867 911 3931 unamquemque
925 3844 1011 3926 fisum
1027 3842 1101 3926 poffe
1120 3855 1256 3980 nme,
