3000 4559
2310 474 2378 523 71

517 532 682 606 meis
718 533 1026 628 lacrymis
1061 532 1219 605 aliis
1254 557 1496 628 quoque
1548 531 1883 630 lacrymas
1936 535 2397 636 commoviffem
2420 590 2447 615 .

516 652 744 737 Quare
796 649 964 718 hanc
1003 648 1408 735 Orationem,
1469 671 1666 739 quam
1702 647 1771 717 in
1814 638 1955 739 ejus
2000 649 2230 740 funere
2271 652 2442 745 scri-

506 760 669 856 psi,
728 761 912 833 edere
951 759 1214 852 statui,
1261 759 1669 855 sperans‚id
1720 787 1817 832 me
1870 785 1940 829 eo
1997 760 2178 831 modo
2235 763 2320 834 ab
2378 793 2444 832 o·

512 874 814 961 mnibus,
875 874 990 968 qui
1043 898 1182 944 eam
1240 868 1558 968 legerent,
1606 872 1812 966 facile
1870 874 2163 968 consequi
2212 868 2390 972 poff'e
2414 922 2440 944 .

519 990 628 1057 Ea
685 1014 842 1057 vero
901 984 1258 1082 separatim
1335 1005 1407 1055 ut
1465 986 1592 1080 sub
1667 1005 1773 1058 tuo
1827 985 2074 1061 nomine
2151 987 2360 1058 exiret
2417 1039 2446 1079 ,

512 1100 749 1171 volui.
810 1100 1108 1171 Sciebam
1167 1099 1372 1190 enim,
1411 1118 1472 1169 te
1491 1099 1561 1170 in
1606 1099 1843 1195 primis
1898 1099 2088 1172 illum
2145 1094 2439 1200 amaſj'e,

496 1215 874 1309 summoque
931 1210 1072 1305 ejus
1131 1210 1447 1297 desiderio
1508 1213 1797 1316 quotidie
1841 1214 2128 1308 gravius
2178 1238 2442 1286 commo·

508 1329 707 1417 veri,
769 1346 843 1398 ut
890 1324 1066 1414 ¹nihil
1123 1324 1529 1411 dubitarem,
1589 1326 1747 1420 quin
1801 1324 1925 1395 tibi
1971 1323 2166 1428 hujus
2219 1324 2434 1397 leffiu-

511 1466 591 1511 ne
651 1440 814 1526 istas
888 1441 1218 1534 lacrymas
1291 1458 1643 1512 excuterem
1697 1437 2022 1535 facillime
2076 1488 2104 1525 ,
2185 1464 2266 1509 ac
2319 1438 2440 1509 hoc

508 1578 764 1646 quoque
819 1552 1039 1644 modo,
1079 1550 1152 1637 fi
1205 1578 1441 1625 mecum
1489 1572 1741 1624 tantum
1787 1552 2062 1624 amicum
2116 1540 2436 1647 defleres,

508 1666 651 1735 tibi
712 1668 885 1760 foret
943 1666 1124 1762 longe
1174 1660 1604 1773 gratiffimum
1659 1721 1677 1740 .
1760 1670 1927 1762 Lege
2004 1662 2207 1762 igitur
2246 1715 2268 1752 ‚
2348 1688 2430 1734 ac

511 1770 686 1873 defle
740 1835 761 1870 ,
828 1799 1175 1875 paremque
1248 1778 1491 1852 lullum
1538 1780 1699 1878 pari
1755 1776 2205 1852 benevolentiae
2278 1776 2430 1849 red-

512 1892 596 1987 tle
648 1920 688 1981 ;
762 1892 829 1963 in
893 1894 1127 1989 primis
1184 1915 1394 1966 autem
1465 1894 1664 1966 etiam
1742 1914 1937 1991 atque
1994 1893 2190 1966 etiam
2261 1889 2424 1966 dili·

498 2024 733 2101 genter
767 2057 796 2093 ,
879 2026 951 2077 ut
1006 2006 1240 2081 valeas
1275 2064 1298 2102 ‚
1362 2034 1520 2081 cura
1542 2060 1562 2082 .
1619 2009 1777 2082 Vale
1799 2057 1822 2081 .
