3000 4559
389 482 428 556 96
611 467 869 540 BARTHOL.
897 470 1062 536 chcrr

342 560 485 624 universa
504 547 676 621 Christiana
698 557 848 639 Religioni
869 555 936 618 dare
964 554 1108 637 negabitis
1131 553 1143 613 l
1171 550 1250 636 quod
1268 551 1310 616 illi

345 661 400 782 pro
420 640 553 703 libertate
573 656 690 700 tantum
711 635 801 699 fecere
818 682 828 712 ,
858 656 912 699 vos
935 657 988 718 pro
1008 635 1128 711 vestra,
1158 649 1248 772 argue
1266 655 1310 696 ve·

371 740 469 782 rorum
490 719 623 780 omnium
644 718 748 794 salure,
775 731 865 799 atque
887 717 1092 778 incolumitate
1110 735 1170 777 non
1197 712 1308 776 arietis?

345 820 413 874 vos,
440 801 580 882 inquam,
603 819 662 859 non
683 814 768 860 tanto
784 797 931 859 ardentius
949 798 981 858 in
1003 796 1078 858 hanc
1093 795 1236 868 caussam,
1255 813 1306 876 quo

344 898 380 940 ea
399 881 510 956 major,
529 896 617 961 atque
637 878 765 940 nobilior
785 879 845 952 est,
866 875 1058 938 incumbetis?
1081 897 1134 937 vos
1152 875 1238 947 dolo,
1259 892 1305 936 vos

345 961 473 1036 viribus,
489 959 624 1041 ingenio,
642 958 723 1035 loco,
744 977 860 1040 quaque
875 957 987 1019 ratione
996 956 1107 1038 possitis
1117 1001 1125 1029 ,
1135 955 1304 1017 teterrimum

332 1041 433 1102 ¹illurn
455 1041 602 1112 Deorum,
623 1055 712 1120 arque
734 1039 888 1100 hominum
912 1037 1047 1113 hostem,
1069 1036 1231 1097 monstrum
1249 1034 1305 1096 hor·

343 1121 492 1193 rendum,
512 1119 619 1200 pellem
642 1121 700 1191 jam
722 1120 810 1180 nimis
834 1119 892 1180 late
916 1119 1074 1197 serpentem
1096 1116 1249 1197 superare,
1268 1131 1302 1176 at·

342 1220 401 1281 que
422 1200 614 1260 exterminare
636 1214 696 1261 rron
718 1197 920 1261 contendetis?
942 1199 1016 1259 hanc
1039 1217 1127 1259 unam
1150 1196 1300 1271 virtutem,

345 1280 376 1340 in
398 1298 456 1363 qua
478 1279 629 1340 certissima
650 1280 745 1341 vestra
766 1279 914 1353 villoria,
943 1295 1031 1360 arque
1061 1276 1156 1359 gloria
1185 1275 1298 1350 eonslar,

344 1380 405 1422 non
428 1359 695 1442 amplexabimini?
721 1376 783 1422 non
809 1359 841 1423 in
863 1360 937 1419 hanc
961 1376 1051 1417 unam
1074 1378 1163 1419 omne
1185 1356 1297 1419 vestrum

344 1440 497 1514 studium,
521 1459 622 1500 omnes
642 1441 751 1501 vestros
772 1453 920 1512 conatus,
951 1453 1041 1518 atque
1063 1457 1168 1499 nervos
1191 1432 1299 1497 consere·
1341 1472 1342 1487 ι

307 1546 314 1558 ’
344 1518 400 1582 ris?
425 1521 544 1594 Nolite,
565 1519 675 1599 quaeso,
697 1536 759 1580 ram
782 1517 977 1600 imprudentes
997 1518 1065 1592 else,
1088 1536 1122 1578 ur
1141 1536 1201 1577 non
1218 1514 1297 1576 videa·

344 1600 401 1673 tls,
423 1621 487 1682 quae
508 1599 604 1659 medio
625 1599 672 1659 die
692 1601 815 1660 clariora
835 1598 928 1673 sunt,
959 1613 1011 1659 aur
1033 1613 1095 1658 tarn
1117 1595 1259 1658 obstinato
1276 1613 1297 1654 a·

347 1682 431 1740 nimo
453 1698 562 1758 agere,
591 1695 624 1740 ut
650 1679 765 1740 crudele
791 1678 918 1739 exitium
941 1678 981 1738 rei
1002 1676 1197 1751 Christiana,
1225 1690 1296 1756 arque
1341 1694 1342 1727 1

346 1759 446 1821 vestris
467 1759 575 1838 Regnis
597 1756 689 1818 vestra
710 1759 836 1819 afferatis
859 1757 1018 1819 discordia.
1042 1756 1180 1818 Ultarum
1197 1753 1297 1825 injuria

348 1856 433 1911 rum,
454 1839 589 1916 Princeps
608 1837 803 1916 amplissime,
823 1854 934 1919 quanta
954 1837 987 1897 lit
1009 1836 1169 1916 voluptas,
1190 1833 1296 1895 arbitror
1341 1878 1342 1883 η

345 1917 495 1978 neminem
517 1915 621 1977 latere.
643 1917 715 1977 Haec
734 1917 786 1979 ets1
808 1918 952 1979 intervos
971 1916 1123 1978 ulciscendi
1142 1914 1218 1977 ratio
1234 1912 1299 1974 nulla

346 1997 458 2060 Divina
478 1996 558 2137 Lepe
577 1996 774 2072 conceditur,
804 2011 838 2058 ut
858 1998 910 2078 qui
930 1997 1012 2058 fratri
1032 1996 1129 2057 nostro
1150 2013 1249 2056 omnes
1267 1994 1299 2053 in·
1341 2058 1342 2063 γ

348 2076 436 2150 jurias
457 2094 512 2138 con
534 2098 623 2137 onare
644 2075 810 2152 jubeamur,
832 2076 863 2137 in
883 2077 1012 2137 Thraces
1033 2091 1132 2136 tamen
1149 2119 1158 2150 ,
1178 2091 1263 2156 atque
1277 2092 1297 2133 a·
1340 2072 1342 2101 ³

349 2157 427 2218 liena
448 2158 526 2238 Lege
555 2157 761 2220 aChrisliana
788 2171 909 2239 agentes
938 2157 1030 2218 hostes
1058 2177 1119 2217 non
1149 2153 1244 2215 solum
1262 2151 1299 2213 dr·

352 2253 418 2314 tur,
444 2237 490 2297 sed
506 2236 590 2298 valde
605 2237 696 2298 etiam
711 2237 947 2300 commendatur.
967 2237 1006 2297 In
1022 2237 1096 2297 hanc
1114 2253 1234 2316 quoque
1247 2250 1298 2314 pra·
1338 2262 1343 2305 p

352 2334 398 2380 ter
418 2317 563 2378 summam
583 2317 727 2397 gloriam,
747 2334 836 2400 arque
857 2318 988 2391 ingentes
1005 2337 1022 2377 o
1045 2336 1089 2389 es,
1110 2326 1145 2376 ur
1160 2312 1298 2376 convenia·
1336 2308 1342 2375 l

349 2399 415 2474 tis,
443 2397 553 2457 srViri
575 2397 662 2472 estis,
683 2399 789 2459 necesse
808 2397 995 2467 est.Narn,
1016 2335 1043 2455 d
1057 2396 1132 2455 banc
1156 2391 1298 2455 vindiciam
1336 2410 1342 2450 r

348 2494 451 2538 contra
472 2477 528 2536 Dei
550 2476 722 2538 mandatum
747 2478 821 2536 inter
841 2496 894 2538 vos
918 2475 1012 2535 severe
1026 2476 1182 2549 exercetis,
1202 2486 1296 2556 quanto
1334 2490 1343 2534 r

343 2555 496 2617 ardentius
526 2557 557 2615 in
580 2555 730 2636 publicum
754 2557 840 2616 istum
870 2555 1112 2634 Archipiratam,
1143 2554 1196 2635 qui
1218 2567 1296 2615 rorem
1333 2574 1343 2623 r

347 2652 463 2697 aetatern
482 2635 565 2695 suam
586 2655 676 2714 quam
707 2635 868 2709 longissime
896 2636 928 2695 in
950 2635 1116 2696 hominibus
1139 2632 1235 2695 vellris
1255 2647 1297 2693 rer·

348 2735 380 2773 ra
418 2715 548 2794 marique
565 2734 636 2773 cum
653 2715 811 2788 caedendiS,
832 2733 896 2776 rum
919 2735 987 2776 cum
1004 2716 1059 2776 suis
1076 2713 1197 2776 fortunis
1212 2713 1243 2772 in
1256 2709 1296 2771 du-
1341 2708 1343 2712 '

348 2794 372 2852 ri
397 2810 488 2852 imam
510 2792 680 2853 servitutem
705 2794 848 2872 rapiendis
866 2793 992 2858 versatus
1013 2797 1068 2871 est,
1090 2813 1216 2856 exercere
1231 2789 1296 2852 debr·

349 2871 413 2933 ris?
443 2866 514 2932 Hac
535 2872 639 2952 magis,
660 2874 715 2934 isto
735 2873 868 2948 devisto,
894 2892 982 2958 atque
1004 2876 1039 2936 ad
1061 2876 1211 2936 interitum
1232 2872 1296 2942 ulto,
1338 2898 1341 2913 =

348 2953 464 3014 animos
487 2952 609 3026 vestroe,
631 2972 721 3033 quam
743 2953 828 3033 ipsius
850 2954 978 3016 villaria
998 2955 1100 3029 gloria,
1125 2955 1246 3028 alliciet,
1261 2963 1296 3011 at·
1320 2952 1342 2999 ·³

349 3052 405 3172 {ue
426 3032 530 3103 majori
554 3033 657 3092 latitia
676 3031 862 3172 complebit.
891 3034 1073 3097 Graviffimis
1097 3033 1178 3095 illius
1195 3079 1204 3110 ,
1224 3044 1295 3113 arque

373 3113 496 3175 iururnis
519 3112 631 3181 injuriis
652 3132 670 3172 a
691 3115 743 3193 qui
766 3113 863 3174 uldam
888 3116 1002 3189 eriam,
1023 3132 1112 3195 atque
1135 3114 1207 3174 adeo
1226 3133 1241 3173 a
1258 3124 1294 3171 rr·

348 3193 410 3254 slris
433 3193 522 3267 olim,
547 3192 641 3253 multo
664 3192 820 3255 acerbiores
841 3195 979 3255 accedunt
999 3195 1126 3269 injuria,
1147 3194 1201 3276 qui
1221 3207 1250 3252 ur
1269 3186 1296 3247 Ιὶ·Ι

346 3274 502 3334 centiosrus
521 3289 641 3352 agerent
664 3317 672 3347 ,
693 3292 782 3355 arque
803 3275 838 3333 ad
860 3288 977 3334 ornnem
999 3275 1146 3356 appetitus
1169 3267 1296 3356 titillatio·

350 3372 418 3411 nem
435 3353 529 3414 viram
548 3372 630 3414 more
645 3353 806 3414 belluarum
824 3353 1022 3428 traducerent,
1038 3376 1056 3415 a
1071 3353 1163 3414 vestra
1180 3349 1299 3412 sandion'

350 3432 508 3510 Religione
528 3432 564 3492 ad
587 3432 676 3493 hostis
694 3433 894 3494 immanissimi
920 3435 1098 3496 ceremonias
1129 3430 1295 3498 vanissimas,

349 3530 367 3570 a
388 3509 485 3571 nostro
504 3531 574 3573 vero
594 3513 728 3587 Deo,Dei
738 3530 808 3573 vero
818 3515 914 3586 Filio,
926 3515 962 3574 ad
982 3513 1197 3594 iniquissimum
1213 3506 1299 3577 Sarda-j

349 3589 489 3677 napalum
507 3590 662 3652 colendum
685 3586 877 3672 transfugere.
899 3593 942 3652 lli
964 3613 1081 3675 quoque
1103 3595 1205 3654 autin
1221 3586 1299 3652 vesln'

348 3669 475 3729 villaria
496 3684 579 3730 erunt
599 3671 727 3750 graviter
747 3674 910 3752 puniendi,
934 3691 985 3732 aur
1006 3671 1019 3752 [
1057 3673 1113 3734 uod
1136 3672 1229 3752 magis
1247 3666 1295 3748 pls·

349 3748 421 3829 cer]
451 3749 481 3808 in
512 3751 591 3811 viam
619 3752 799 3825 revocandi,
829 3770 1009 3833 erroremque
1035 3694 1121 3814 duum
1151 3748 1298 3813 Cnrillianr

347 3826 504 3891 edocendi.
526 3832 645 3909 Quanta
666 3850 699 3891 ea
720 3850 838 3914 quoque
858 3833 913 3894 erit
933 3833 1088 3914 voluptas,
1108 3853 1198 3915 quam
1215 3826 1292 3916 capith

220 3882 307 4062 ἱ
1231 3925 1263 3969 ns
