3000 4559
225 2486 228 2491 ·
332 2471 456 2548 venisse,

386 494 432 540 ἰο
610 468 864 535 BARTHOL.
892 470 1056 532 Rsccll

346 574 388 618 eo
415 556 448 616 in
475 551 596 638 privatis
624 553 762 635 cujusque
790 550 898 614 latibus
927 548 1122 632 tyrannidem
1141 547 1312 615 exercebat.

347 638 425 713 Qun
443 635 475 696 in
496 634 661 696 Tribunatu
683 632 734 693 suo
755 631 806 693 iste
828 630 868 693 lla
890 630 971 695 itiose
992 629 1109 706 fecerit,
1129 648 1167 693 tte
1186 630 1311 713 expesta·

346 729 405 790 re,
422 714 535 787 ludices
551 759 561 791 ,
580 714 652 775 dum
673 712 796 785 dicam3
817 653 957 787 taedius,
976 711 1056 794 quod
1076 730 1137 773 non
1156 708 1229 773 fecit
1245 752 1256 787 ,
1275 708 1311 773 di-

346 808 430 856 cem.
451 793 488 857 Id
508 809 606 856 autern
626 791 708 869 suit,
728 808 762 854 ut
784 791 896 874 aliquid
916 793 1048 855 Praeturae
1070 792 1151 869 sua,
1170 791 1310 875 quam&

347 873 440 965 ipsam
460 875 577 957 ingenti
599 873 638 935 ali
660 892 699 934 ua
718 872 900 954 turpitudine
919 871 1102 949 nobilitaret,
1126 871 1258 935 omnim
1274 888 1312 935 a·

344 953 505 1037 ltnqueret.
527 954 615 1016 Nihil
636 892 703 1015 dico
722 952 759 1015 de
779 953 957 1016 Consulatu.
978 953 1016 1014 In
1037 954 1166 1016 Praetura
1186 951 1270 1012 enirn
1282 972 1311 1015 o

344 1052 399 1116 pus
422 1035 506 1099 suurn
528 1033 717 1110 absolvisset,
745 1032 826 1094 acin
845 1048 881 1096 ea
899 1033 1036 1097 omnium
1057 1033 1149 1095 etiam
1170 1030 1310 1094 Consult-

345 1128 393 1176 tus
414 1114 566 1177 sustulisset
583 1159 590 1174 .
611 1115 720 1176 Utrum
741 1133 811 1175 vero
828 1158 837 1190 ,
856 1115 969 1187 Judices
986 1158 996 1191 ,
1016 1113 1102 1183 hujus
1123 1110 1251 1176 monstri
1270 1111 1309 1175 ie·

343 1192 566 1270 columitatem,
588 1212 676 1277 atque
696 1193 775 1255 luam
874 1194 957 1257 iciern
977 1194 1038 1255 hece
1054 1192 1139 1276 Resp
1155 1190 1310 1255 defideret?

344 1288 383 1334 tn
404 1275 503 1356 potius
524 1290 585 1337 tarn
614 1274 751 1337 atrociter
845 1295 881 1336 eo
911 1273 1016 1336 alsedla
1037 1273 1096 1344 iam
1119 1288 1244 1335 centum
1259 1291 1310 1333 au·

343 1371 399 1414 nos
419 1355 506 1416 illurn
526 1372 677 1429 mortuum
697 1354 750 1416 esse
771 1367 844 1417 vota
869 1352 987 1417 faciat?
1015 1355 1122 1437 Neque
1148 1353 1235 1414 enirn
1255 1351 1309 1413 huc

343 1445 405 1494 tam
428 1434 521 1517 impia
542 1435 607 1513 est,
629 1455 664 1497 ac
683 1435 782 1496 omnis
803 1434 914 1498 sceleris
935 1433 1058 1511 affinis,
1086 1446 1138 1496 aut
1158 1432 1228 1496 Diis
1249 1431 1308 1513 lpus

233 1514 236 1519 ’
341 1513 386 1576 ita
403 1514 459 1576 des
474 1516 564 1590 erra,
616 1534 656 1578 uae
684 1534 762 1576 nunc
791 1513 874 1577 suurn
897 1515 958 1597 ipsa
978 1513 1133 1576 interitum
1153 1510 1315 1586 deflueret,

339 1604 430 1676 quern
450 1535 566 1658 suorum
624 1595 718 1657 ivium
747 1595 913 1688 corporibus
944 1595 1045 1676 sepius
1066 1592 1307 1657 devitante-Ne

339 1692 397 1756 que
422 1694 492 1739 veto
514 1674 612 1738 multo
631 1673 871 1756 inpenderunt,
900 1696 933 1737 ac
952 1673 1119 1749 fetentior,
1139 1691 1208 1755 qua
1229 1670 1262 1733 in
1282 1688 1307 1732 re

339 1753 507 1831 manifesta,
526 1754 610 1897 pund
631 1755 662 1816 in
682 1753 802 1817 obscura
820 1754 1004 1831 acutissime,
1026 1769 1077 1816 aut
1097 1768 1167 1815 curn
1191 1751 1305 1825 Ponit,

339 1835 505 1896 autetiam
536 1855 622 1896 ecum
643 1833 787 1912 disculsrt,
809 1835 841 1896 in
863 1836 916 1897 hac
938 1854 998 1897 una
1018 1832 1120 1894 Clodii
1139 1832 1208 1894 vita
1230 1848 1306 1893 oon·

339 1911 404 1993 futu
428 1913 513 1978 suurn
533 1917 606 1978 llere
629 1934 689 1976 non
747 1913 903 1997 rspiceret.
931 1919 1006 1992 Quae
1034 1933 1104 1976 vero
1123 1911 1259 1993 dignitas
1277 1910 1306 1969 in

339 2010 376 2071 co
391 1995 447 2055 erre
469 1995 585 2087 potuit,
605 1994 653 2057 cui
673 1994 705 2055 ni
727 1994 749 2055 il
768 2011 855 2078 turpe
874 1994 952 2067 fuit3
969 1994 1022 2078 qui
1043 1993 1076 2055 in
1096 1989 1238 2056 omnibus
1259 1988 1306 2077 dt·

338 2070 422 2152 gitiis'
444 2090 541 2137 vrtam
560 2092 681 2137 omnem
703 2073 828 2138 studiose
847 2075 1005 2146 traduxit,
1033 2073 1087 2164 qui
1117 2071 1211 2154 pluris
1232 2072 1305 2133 Dent

336 2158 459 2229 munet,
479 2166 648 2237 quamtus
670 2154 790 2232 sorores,
810 2176 870 2217 non
891 2153 978 2223 secit;
997 2173 1051 2236 qur
1070 2153 1202 2279 deripue
1221 2149 1306 2232 turpi-

339 2237 384 2290 ter
410 2248 500 2315 agere
522 2248 596 2296 eum
625 2233 740 2316 sutitna
768 2235 881 2298 virtute
902 2256 920 2296 a
940 2255 987 2296 ere
1008 2233 1148 2314 putavit.
1180 2246 1221 2293 ut
1241 2248 1304 2294 eum

337 2308 422 2381 leuius
444 2326 540 2376 morte
560 2328 651 2377 otnne
673 2312 764 2378 scelus
785 2314 900 2378 concidi
922 2313 1108 2389 evidentur,
1129 2332 1165 2374 ac
1187 2327 1302 2374 tantum

334 2388 408 2452 absit
424 2437 434 2468 ,
453 2409 515 2470 ut,
542 2408 647 2459 eontra
663 2392 854 2534 &fulsum
874 2394 954 2458 suam
983 2393 1088 2455 caedem
1107 2393 1186 2484 lianc
1208 2390 1261 2532 ¹srsbi
1279 2408 1303 2451 e·

331 2546 456 2626 umen
470 2474 1302 2636 sulii’quidiimfflglissitffnlsdollsd‘nsnird

332 2643 398 2689 rum
420 2633 589 2694 Romanurn
611 2655 628 2695 a
648 2634 793 2715 Iugurtha
814 2634 866 2697 sub
886 2635 988 2716 jugum
1009 2632 1124 2696 missum
1146 2631 1203 2695 else
1220 2651 1230 2693 τ
1248 2644 1299 2693 aut

331 2707 473 2772 Senatum
500 2713 652 2775 consilium
671 2714 773 2794 cepisse
801 2713 838 2775 de
860 2715 963 2791 Urbe,
993 2731 1082 2797 atque
1103 2714 1189 2775 omni
1213 2710 1300 2774 Italia

331 2786 433 2877 Putris
453 2789 632 2868 deserenda,
663 2813 696 2854 ac
726 2804 818 2856 noves
841 2794 917 2856 sedes
939 2794 987 2857 sebi
1009 2793 1176 2878 querendas
1196 2792 1299 2855 conlll·

331 2868 441 2928 turlse:
471 2886 524 2932 aur
551 2872 750 2935 tutissimum
778 2871 874 2936 soedus
891 2875 930 2941 de
950 2895 1020 2957 pace
1039 2895 1106 2936 curn
1128 2873 1244 2954 Pyrrho
1264 2871 1298 2936 ab

332 2945 437 3009 eodem
458 2949 550 3012 iulum
570 2972 586 3013 e
609 2974 648 3014 e.
675 2953 741 3025 Jenr
769 2964 839 3016 vero
862 2990 865 2997 ·
888 2975 931 3018 uae
960 2955 1054 3026 major
1073 2953 1187 3015 utilitas
1212 2954 1294 3035 Reip

329 3022 428 3089 afferri
449 3032 575 3112 potuit,
594 3054 686 3116 quam
706 3048 740 3095 ut
760 2976 894 3097 universa
912 3053 1039 3118 pacate,
1058 3054 1093 3096 ac
1115 3033 1212 3095 secure
1234 3053 1297 3117 age·

328 3105 394 3203 ret}
412 3129 504 3191 quam
527 3127 562 3174 ut
582 3111 652 3174 boni
675 3113 725 3176 sua
744 3113 823 3177 bona
843 3132 910 3178 tuto
930 3112 1127 3197 posfidetent?
1148 3125 1297 3195 quamut

325 3183 442 3258 Judrccs
457 3233 469 3266 ,
487 3210 552 3274 quae
574 3211 654 3276 aeque
673 3192 838 3272 sentirent,
866 3216 901 3259 ea
922 3195 1009 3256 libere
1031 3191 1221 3276 proferrent?
1245 3194 1296 3257 1³2⁴

325 3268 426 3343 troni,
444 3289 509 3352 quae
532 3271 692 3353 plurimum
713 3274 816 3337 caussis
837 3276 894 3337 suis
914 3275 1092 3357 prodessent,
1112 3274 1144 3335 in
1161 3273 1293 3336 medium

325 3343 439 3438 alserre·
452 3361 512 3411 non
539 3351 735 3418 dubitarent?
765 3366 855 3438 quam
881 3355 1033 3438 denique,
1063 3374 1099 3415 ne
1121 3355 1187 3436 quis
1211 3353 1293 3429 esset,

278 3473 280 3481 s
323 3444 377 3506 qur
398 3426 454 3517 sure
484 3433 652 3513 turpissimis
673 3433 802 3496 moribus
822 3452 939 3497 caeteros
962 3432 1187 3514 corrumperet?
1219 3437 1292 3512 Quor

323 3522 445 3584 omme,
466 3510 586 3576 vivente
606 3515 730 3590 Clodio,
753 3516 785 3575 in
807 3515 884 3576 Urbe
903 3514 1146 3583 dominabantur3
1167 3534 1205 3575 eo
1222 3530 1292 3577 vero

324 3596 462 3662 mottu05
482 3594 585 3656 omnia
604 3593 716 3673 sublata
737 3594 820 3656 sunt,
840 3596 885 3656 Ut
904 3596 987 3656 nullo
1007 3596 1097 3656 modo
1117 3593 1208 3655 caedes
1231 3595 1291 3655 hue

318 3681 425 3729 contra
447 3672 554 3755 Rernp.
575 3675 697 3736 evenisse
717 3674 854 3748 constet,
876 3675 928 3735 nisr
948 3697 982 3736 ea
1000 3674 1159 3735 eversorem
1182 3674 1288 3750 suum,

237 3784 244 3796 ,
319 3743 566 3814 sceleratissimum
596 3754 799 3829 parricidam,
823 3762 897 3814 'cum
927 3754 976 3816 sua
1007 3754 1098 3817 salute
1127 3753 1293 3816 demedio

319 3822 465 3896 sublatum
483 3830 559 3913 else,
579 3829 684 3921 iniquo
701 3834 813 3906 enimo-
824 3831 954 3919 puscit.
984 3836 1078 3921 Atqui
1099 3849 1177 3898 certe
1198 3835 1298 3897 Sena<¹

1196 3931 1246 3979 tus
