3000 4559
321 497 379 554 114
562 475 816 536 BARTHOL.
844 473 1008 534 Riccn

278 552 377 622 abdita
396 600 405 631 ,
427 556 480 638 qui
496 555 619 638 populus
637 572 698 616 tam
722 553 800 614 ultra
815 554 908 615 maria
924 552 1080 628 incolens,
1101 566 1236 693 'cpuae'tem

276 636 422 711 barbara,
453 652 514 697 tam
538 633 689 708 efferata,
719 651 838 714 tamque
863 634 900 695 ab
924 632 1055 694 humano
1079 652 1115 694 cu
1128 647 1162 694 tu
1175 634 1235 696 aria

276 722 390 790 natio,
420 715 564 797 adquam
586 714 670 783 huius
693 712 874 773 liberalitatis
896 732 1003 773 nomen
1025 733 1086 772 non
1107 732 1235 792 pervene-

277 800 343 873 rit,
366 816 425 857 non
451 794 633 876 penetrarit,
661 813 720 854 non
765 789 928 854 ervaserit?
957 790 1011 852 Sed
1026 791 1099 873 quid
1117 811 1172 873 ego
1191 812 1235 854 no·

275 872 452 939 mendico?
483 875 581 935 Immo
602 893 671 934 vero
712 812 797 933 uibus
826 871 939 932 abhoc
963 871 1143 952 amplissimo
1162 873 1233 954 Rege

277 953 456 1036 amplissima
476 973 597 1015 munera
616 970 677 1013 non
690 893 766 1012 iunt
786 949 888 1013 missa?
909 950 1038 1011 Transeo
1059 971 1135 1033 quos
1161 952 1230 1015 Prin·

275 1038 354 1116 cipes
372 1078 381 1109 ,
404 1048 541 1114 praetereo
557 1052 630 1114 quos
647 1032 767 1112 Reges,
788 1052 847 1093 non
868 1051 1066 1093 commemoro
1084 1051 1159 1113 quas
1173 1031 1232 1093 Res·

273 1115 404 1196 publicas
430 1114 493 1174 Rex
517 1109 683 1174 Franciscus
709 1112 809 1250 Regiis
836 1109 1040 1191 largitionibus
1073 1110 1230 1191 complexus

273 1194 334 1267 sit,
363 1213 398 1252 ne
419 1193 562 1273 quispiam
593 1192 621 1253 id
642 1190 717 1250 mihi
738 1212 756 1252 o
776 1191 861 1261 jicere
885 1189 992 1268 possit,
1022 1190 1101 1251 hunc
1122 1210 1157 1250 eo
1176 1210 1229 1251 mo·

272 1273 311 1334 do
334 1273 430 1352 potius
461 1273 587 1334 aliorum
609 1271 734 1352 gratiam
764 1266 947 1360 quaesivisse,
967 1289 1058 1351 quam
1081 1267 1232 1331 liberalite.-

272 1368 332 1413 tem
358 1351 439 1412 suam
466 1353 614 1414 exercuisse
633 1395 641 1424 ,
662 1367 751 1432 atque
777 1370 809 1410 rn
836 1348 981 1411 referenda
1006 1349 1126 1488 magis,
1147 1369 1228 1431 quarn

269 1431 397 1493 ineunda
420 1433 533 1512 gratia,
549 1431 693 1494 versatum
711 1428 807 1501 suille3
831 1429 943 1490 tametsi
964 1428 980 1439 ’“
1019 1429 1051 1508 ip
1062 1449 1085 1489 rs
1103 1471 1114 1503 ,
1136 1429 1228 1512 aqui·

270 1510 323 1572 bus
345 1513 447 1592 aliquo
470 1532 590 1574 munere
606 1509 684 1592 prius
708 1510 788 1591 quasi
806 1524 966 1590 provocatu
1007 1505 1094 1570 fuerit
1111 1551 1121 1582 ,
1141 1529 1174 1570 ea
1191 1528 1232 1569 ra·.

269 1592 350 1653 tione
374 1591 483 1672 semper
508 1591 709 1673 responderit,
762 1610 798 1650 ua
822 1609 890 1670 ager
913 1586 1045 1662 fertilis,
1066 1587 1118 1668 qui
1141 1587 1228 1656 multo

267 1671 335 1752 plus
354 1669 440 1732 affert
456 1716 465 1747 ,
485 1688 575 1754 quarn
591 1670 723 1762 ¹accepit⁸
739 1611 771 1730 (b
788 1669 897 1731 caeteris
912 1668 984 1729 item
1001 1667 1142 1746 exemplis
1158 1687 1227 1729 conr·

267 1751 464 1811 memorandis
486 1772 521 1813 ea
543 1765 655 1813 ratione
676 1749 845 1828 impedior,
877 1767 912 1809 ne
933 1745 1047 1828 prorsus
1069 1747 1153 1809 vobis
1171 1747 1223 1808 ine·

267 1846 335 1911 ptus
364 1827 488 1901 videar,
518 1831 572 1912 qui
599 1828 676 1890 nihil
691 1831 798 1904 novi,
825 1827 902 1890 nibil
922 1848 983 1889 non
1008 1825 1130 1903 auditi,
1159 1825 1231 1893 nihil,

268 1928 330 1979 non
352 1908 405 1970 vul
426 1907 545 1970 atislrrni
573 1908 630 1970 huc
655 1907 753 1969 afferre
777 1906 899 1990 possim.
921 1906 997 1982 Quis
1020 1906 1101 1966 enirn
1127 1907 1223 1979 nescit,

266 2008 326 2128 flua
345 1988 376 2048 in
396 1929 516 2064 scotos,—
536 1986 602 2070 [ita
621 1987 699 2050 enim
716 1985 894 2068 appellant]
916 2007 990 2066 quos
1010 1985 1047 2046 nd
1070 1985 1114 2047 sui
1142 1985 1224 2047 cullu-

289 2068 347 2129 iam
364 2066 447 2193 supra
461 2069 690 2151 quadringentos
706 2084 831 2128 numero
846 2067 972 2140 habuit,
995 2065 1061 2127 usus
1082 2065 1122 2127 est
1151 2065 1225 2130 bene·

267 2145 399 2209 licentia.
433 2168 508 2230 quos
528 2169 629 2210 omnes
659 2163 719 2208 non
740 2146 832 2207 solum
853 2146 987 2216 ditavit,
1016 2145 1062 2206 sed
1089 2146 1176 2207 etiam
1195 2166 1228 2211 0·.

268 2225 334 2288 mni
363 2227 507 2306 dignitate
526 2227 741 2290 cohonestavit.
771 2226 828 2287 Cui
851 2246 910 2286 non
930 2225 1063 2286 auditum
1085 2227 1126 2289 est
1146 2270 1155 2300 ,
1174 2245 1225 2308 qua

267 2306 342 2368 item
364 2304 536 2370 Sfortiorum
567 2307 754 2387 Principem,
784 2305 815 2367 ἃ
834 2304 1020 2367 Cardinalem
1037 2304 1226 2370 Candardien·¹

269 2385 328 2447 sem
349 2386 513 2466 prosecutus
532 2387 566 2450 srt
596 2383 787 2449 liberalitate?
814 2385 867 2466 qui
886 2386 1002 2467 quoties
1024 2385 1061 2444 ad
1082 2384 1159 2449 hunc
1177 2387 1225 2446 Le«

266 2467 330 2547 gati
352 2463 564 2541 verrinarum,
595 2466 680 2527 toties
702 2465 905 2544 multiplicatis
926 2465 1132 2544 largitionibus
1152 2464 1219 2526 audi

269 2544 403 2606 domum.
429 2544 597 2607 redierunt.
627 2544 719 2615 Cujus
750 2564 834 2605 aures
862 2565 922 2605 non
952 2544 1061 2605 callent
1089 2565 1124 2605 ex
1146 2544 1223 2614 Italis

266 2625 457 2697 Trivultios,
488 2624 662 2703 Fregofi0s‚
692 2625 835 2685 Rentium
856 2625 1003 2697 Cetium,
1032 2640 1063 2685 at
1087 2645 1123 2685 ue
1142 2625 1218 2695 loan-
1245 2617 1253 2697 l

266 2721 334 2762 nem
358 2704 481 2764 Paulum
509 2703 568 2771 eius
589 2703 700 2763 Filium
722 2749 731 2778 ‚
755 2703 1045 2775 Illirandulensrum,¹
1107 2704 1221 2765 elfiriem

265 2780 338 2843 lium
374 2822 384 2855 ‚
421 2801 455 2841 ac
482 2781 704 2842 Secundensrum
732 2783 911 2862 Principes3
950 2803 986 2844 ex
1014 2779 1154 2861 Hispanis
1174 2783 1217 2844 Pe·

267 2874 346 2920 trum
377 2861 541 2921 Navarium
567 2904 578 2934 ,
605 2859 745 2931 Jacobum
775 2862 988 2937 Mendotium,
1016 2861 1217 2935 Cosmarium,

263 2938 460 3002 Mandritiunr
481 2984 492 3015 ‚
514 2941 694 3002 Ramirum:
718 2939 851 3002 infinitos
870 2962 1004 3021 praeterea
1023 2943 1109 3013 cujus
1125 2963 1159 3004 ue
1176 2961 1215 3023 ge·

265 3019 342 3081 neris
369 3019 494 3100 reliquos
515 3019 552 3081 ab
580 3020 636 3081 hoc
658 3019 850 3082 honestissime
879 3022 910 3083 δι
931 3037 1088 3102 acceptos,
1162 3023 1213 3082 lon·

262 3120 333 3180 gum
363 3113 477 3179 tempus
499 3100 592 3180 Regie
620 3099 756 3162 traslatos
777 3123 788 3160 .·
841 3122 908 3162 uem
937 3102 1065 3182 denique
1098 3099 1213 3182 praeterit

261 3179 340 3242 hunc
360 3179 454 3260 ipsum
483 3181 514 3241 in
536 3177 733 3260 Hippolytum
756 3121 901 3242 Ateiiium
930 3180 1147 3255 Cardinalem‚
1174 3200 1213 3241 cu·

261 3259 307 3331 ius
328 3259 448 3321 nomine
466 3259 522 3321 hoc
543 3261 669 3338 Regium
691 3259 776 3320 sunus
799 3260 977 3333 celebratur,
999 3260 1100 3342 haeque
1124 3258 1217 3341 persol·

261 3356 372 3400 vuntur
387 3333 519 3413 inferia,
539 3336 655 3412 multa,
676 3359 707 3400 ac
729 3341 858 3402 maxima
873 3340 1039 3402 Sacerdotia
1058 3334 1214 3402 contulisse?

262 3417 394 3478 Primum
422 3425 549 3500 namque
578 3419 646 3480 huic
668 3419 804 3481 Ferraria
824 3422 914 3482 etiam
935 3422 1005 3482 dum
1035 3420 1160 3500 agenti,
1184 3437 1212 3479 ar

260 3495 404 3578 nusquam
424 3498 490 3559 inde
506 3498 649 3579 cogitanti
669 3543 678 3572 ‚
697 3515 797 3560 omnia
821 3521 856 3562 ue
876 3501 935 3561 alia
956 3501 1050 3580 magis
1070 3500 1214 3579 expedian-

166 3588 170 3605 ¹
260 3576 302 3649 ti,
323 3575 490 3714 amplissimi
518 3576 675 3640 Sacerdotii
705 3521 900 3657 possessionem
924 3582 1045 3641 domum
1069 3579 1156 3661 usque
1175 3579 1215 3639 de·

257 3654 325 3716 fetri
344 3656 374 3725 ju
395 3671 441 3716 et.
461 3657 518 3717 Pro
558 3673 697 3718 natanta
717 3658 750 3718 in
764 3658 793 3717 se
808 3658 1054 3722 beneficentissimi
1078 3659 1170 3725 animi
1186 3657 1213 3717 li·

256 3733 445 3814 gnificatione
465 3739 541 3815 grati
565 3758 641 3798 rmus
667 3736 830 3799 Cardinalis
851 3740 881 3800 in
904 3740 1034 3800 Galliam
1057 3739 1135 3821 Regi
1156 3757 1214 3820 gra·

254 3814 311 3878 ties
326 3815 447 3883 ¹aslurus
464 3817 654 3897 proficiscitur
673 3860 683 3891 ‚
704 3837 765 3900 quo
785 3817 897 3882 interea
916 3819 998 3883 brevi
1020 3836 1152 3901 tempore
1176 3816 1216 3881 su·

154 3922 272 4066 ‚g
490 4037 493 4044 Ι
1127 3917 1179 3977 t.
