3000 4559
519 468 953 533 ·orarrouan
1140 488 1177 550 ῃ

295 544 437 618 Nascitur
458 551 504 613 hic
525 550 616 632 igitur
637 549 697 632 [ut
714 549 780 610 inde
803 548 954 609 Orationis
977 567 1046 609 meae
1067 553 1216 612 exordium

258 633 399 709 sumam,
428 632 503 693 unde
525 633 548 692 is
571 632 639 692 vitae
662 629 716 690 suae
738 629 858 689 initium
880 625 1024 708 sumpsit]
1054 632 1218 708 parentibus

256 715 404 787 obscuris,
425 711 506 772 nulia
527 710 646 771 familiae
655 709 849 788 cognatione,
869 708 900 768 in
919 728 949 768 re
966 723 1066 768 autern
1081 728 1219 791 perquam

260 792 407 875 angusta,
436 791 504 852 utsr
525 791 642 851 fortuna
656 789 735 849 ¹huic
757 788 918 848 Ferrariam
951 788 1080 849 Patriam
1103 790 1222 850 ademis-

260 872 324 947 set,
343 871 419 933 nihii
442 871 495 932 boc
519 871 637 932 homine
647 866 810 941 infelicius,
832 867 906 927 nihii
928 867 1058 929 miserius
1080 869 1157 929 nasci
1174 890 1223 948 po-

261 952 382 1019 tuissem
404 949 450 1012 sed
470 966 614 1032 quantum
637 946 829 1010 huidfortuna
850 946 980 1028 improbe
1000 947 1144 1022 detraxit,
1161 964 1224 1009 tan·

261 1046 348 1104 tum,
370 1046 458 1113 atque
479 1030 552 1090 adeo
575 1029 663 1108 longe
684 1027 960 1117 amplius,anatura
975 1027 1020 1088 isti
1043 1028 1095 1108 ipsi
1116 1047 1225 1089 recom-

263 1110 416 1192 pensatum
437 1109 476 1169 est
496 1154 503 1168 .
524 1108 676 1168 Continuo
696 1127 776 1167 emm
796 1107 857 1168 haec
878 1107 907 1168 id
928 1108 996 1168 huic
1019 1106 1130 1188 ingenii
1153 1109 1227 1169 elar-

286 1191 326 1252 'ta
346 1194 404 1263 eii,
426 1209 486 1266 quo
504 1189 541 1248 ad
561 1187 662 1248 omnia
684 1187 810 1265 ingenua
829 1188 922 1249 studia
943 1187 1068 1249 maxime
1085 1207 1169 1266 aptus
1186 1189 1225 1249 es·

256 1210 475 1342 {videntum
498 1287 557 1347 quo
574 1269 645 1327 item
666 1265 696 1326 δι
711 1267 811 1328 dotem
833 1266 899 1326 satis
917 1267 1071 1345 amplam,
1091 1267 1191 1329 affines
1212 1311 1222 1342 ‚

286 1368 339 1410 uos
361 1347 476 1421 voluit,
497 1363 571 1408 certe
594 1345 736 1425 posteros,
756 1345 924 1420 srvixiiiet‚
947 1345 1137 1408 nobilissimos
1157 1348 1224 1408 reli·

260 1369 385 1501 butus,
408 1426 583 1504 dignitatem
605 1442 721 1495 autem,
741 1442 883 1506 quantam
904 1445 972 1485 mox
995 1425 1117 1487 audietis
1140 1470 1149 1500 ,
1172 1426 1223 1487 fibi

260 1506 474 1586 comparavit.
497 1507 577 1565 Nam
598 1526 665 1566 cum
687 1504 862 1584 Pistophilus
883 1503 1023 1583 Alphonsr
1046 1505 1187 1585 Principis
1208 1525 1226 1566 a

262 1585 379 1647 sectetis
402 1586 462 1674 pari
485 1585 542 1644 Vir
563 1584 717 1655 &judicio
737 1584 953 1665 &integritate
975 1585 1050 1645 hunc
1066 1584 1226 1646 adolescen-

265 1681 327 1726 tem
351 1680 463 1743 opttmo
487 1665 622 1746 ingenio,
644 1663 691 1744 ipe
707 1663 837 1725 maxima
858 1665 994 1737 videret,
1016 1667 1158 1726 continuo
1180 1666 1224 1727 iiii

264 1745 398 1805 animum
420 1744 542 1818 adiecit,
560 1761 600 1804 ne
623 1764 657 1805 ue
679 1745 758 1823 prius
780 1742 816 1804 ab
837 1744 890 1805 iilo
911 1743 961 1804 suo
982 1744 1119 1806 desiderio
1141 1746 1224 1806 desti·

264 1825 322 1897 tit,
367 1843 432 1883 uam
449 1845 514 1884 eum
532 1825 563 1884 in
580 1764 665 1884 ilium
682 1823 797 1898 iocum,
818 1826 871 1905 qui
887 1823 927 1884 est
941 1845 959 1883 a
974 1824 1125 1886 scribendis
1143 1826 1223 1887 Prin·

261 1903 335 1983 cipis
379 1903 687 1982 pistoiis‚coilocavit.
709 1903 774 1974 Jam
790 1903 918 1965 decimus
928 1903 1022 1966 sextus
1039 1905 1107 1967 huic
1128 1925 1222 1966 annus

263 1981 421 2064 agebatur,
440 2004 506 2044 cum
525 1983 652 2062 primum
677 1982 829 2062 Aipbonso
848 1984 927 2045 Patri
945 1999 996 2044 tuo
1014 1985 1088 2046 hanc
1105 2006 1223 2066 operam

264 2062 297 2123 in
313 2061 464 2124 scribendis
483 2060 620 2201 Eppstoiis
640 2062 752 2140 publice
770 2062 837 2123 dare
854 2063 979 2122 instituit
991 2082 1005 2131 -;
1026 2084 1116 2143 quam
1133 2066 1224 2125 etiam

264 2141 338 2221 ¹tibi,
358 2142 497 2203 Hercules
540 2140 648 2219 rinceps
661 2183 670 2212 ‚
685 2141 795 2201 multos
811 2161 902 2201 anuos
920 2143 1051 2220 praestitit
1075 2144 1226 2222 integerri-

258 2240 372 2283 mam.
403 2221 495 2290 Cujus
511 2216 600 2280 officii
626 2217 700 2278 reiie
718 2215 907 2298 perfungendi
933 2239 1000 2278 cum
1025 2219 1132 2298 duplex
1152 2222 1227 2281 ratio

264 2301 301 2362 iit
320 2322 329 2371 3
351 2319 434 2372 una,
455 2317 520 2378 quae
536 2297 572 2356 ad
588 2295 677 2356 Cives
695 2340 704 2369 ,
726 2312 814 2375 atque
828 2296 863 2357 ad
880 2311 997 2357 caeteros
1015 2340 1025 2370 ‚
1053 2296 1158 2379 quibus
1175 2300 1226 2359 ali·

261 2400 326 2463 quo
345 2376 434 2438 modo
451 2395 519 2436 curn
543 2374 676 2453 Principe
700 2375 846 2464 agendum
868 2374 918 2450 sit,
939 2375 1090 2464 pertinet;
1109 2378 1199 2440 altera
1218 2424 1227 2453 ‚

287 2477 332 2519 uae
348 2472 413 2518 tota
437 2455 522 2535 ipsius
540 2455 578 2518 est
604 2453 764 2593 Principis,
787 2454 897 2516 cumei
915 2454 1022 2517 scilicet
1044 2477 1112 2518 cum
1128 2460 1229 2535 ceteris

258 2480 449 2615 {torcipibus
474 2555 523 2625 per
539 2535 666 2595 Litteras
684 2534 796 2614 aiquid
820 2535 966 2616 agendum
983 2535 1022 2596 est
1038 2559 1050 2606 ,·
1070 2537 1118 2597 hic
1134 2537 1229 2600 noiiet

264 2618 299 2679 in
318 2631 385 2676 utra
401 2634 495 2693 magis
512 2613 656 2689 valuerit,
677 2635 737 2675 non
754 2612 837 2676 facile
853 2614 981 2676 dixeris.
1011 2618 1091 2677 Nam
1107 2616 1143 2680 fic
1158 2638 1225 2679 curn

261 2694 416 2768 Civibus,
437 2695 472 2755 sic
496 2714 563 2755 cum
581 2693 837 2770 Provinciaiibus,
867 2695 904 2757 stc
919 2715 986 2757 cum
1011 2697 1115 2758 exteris
1140 2697 1170 2758 in
1191 2719 1225 2758 ea

263 2773 408 2838 scribendi
426 2774 538 2835 ratione
559 2775 686 2838 versatus
707 2772 764 2849 est,
787 2789 819 2836 ut
835 2776 888 2854 qui
904 2795 993 2857 quarn
1010 2776 1225 2857 benigniffime.

263 2855 420 2918 Continuo
429 2855 506 2914 enim
516 2854 693 2936 quicumque
707 2853 744 2914 ad
755 2854 781 2916 se
796 2855 932 2930 adibant,
953 2855 1005 2937 qui
1015 2857 1095 2918 suam
1104 2876 1224 2936 operam

265 2933 442 3017 poscebant,
460 2933 607 3006 eovultu,
618 2935 653 2994 iis
662 2932 757 2994 verbis
774 2934 1226 3013 accipiebat‚utnihiiamicius,

266 3013 346 3075 nihii
364 3014 519 3073 humanius
537 3011 628 3091 accipi
638 3012 747 3091 poiiet3
768 3033 798 3072 re
813 3013 1095 3092 veroposseaipia&
1109 3013 1229 3073 brevi&

264 3092 389 3156 fideliter
398 3089 591 3163 confecta,„src
600 3110 648 3150 eos
664 3089 717 3150 aie
729 3089 897 3152 dimittebat
907 3134 915 3164 ,
925 3108 957 3151 ut
965 3092 1041 3151 nihii
1057 3091 1228 3170 benignius,

265 3173 343 3234 nihii
352 3171 474 3232 amicius
490 3169 728 3247 dimittipoiiet.
749 3173 793 3230 Ac
802 3170 943 3247 quoniam
959 3189 1018 3229 non
1035 3169 1228 3231 onrniumbo·

268 3252 385 3313 minum
405 3271 479 3325 una,
501 3248 659 3386 eadempue
671 3247 746 3308 ratio
763 3246 894 3308 habenda
902 3249 960 3320 est,
977 3246 1022 3307 sed
1043 3247 1164 3330 quisque
1177 3268 1230 3329 pro

265 3332 320 3393 sua
328 3330 495 3392 conditione
504 3327 542 3390 est
554 3344 598 3388 tra
628 3326 718 3386 andus
728 3345 737 3395 3
759 3326 807 3386 hic
816 3326 909 3387 noster
925 3325 1021 3387 inhoc
1029 3326 1169 3391 Virorum
1180 3331 1228 3390 de-

268 3411 349 3472 iediu
361 3408 608 3470 habendomitum
619 3404 723 3467 habuit
743 3403 914 3467 artificium.
932 3407 1011 3468 Nam
1022 3408 1079 3470 slve
1087 3407 1227 3488 ignobiles

264 3491 393 3552 adhunc
403 3487 588 3561 acceffiiient,
610 3486 667 3550 ssve
676 3484 824 3564 splendido
833 3485 897 3547 ioco
908 3487 989 3561 nati,
1008 3489 1067 3550 five
1074 3508 1228 3569 pauperes,

260 3570 324 3631 five
347 3570 377 3629 in
398 3590 427 3629 re
446 3568 518 3630 bene
539 3567 620 3628 lauta
640 3565 740 3646 positi,
761 3564 819 3626 slve
839 3566 967 3646 cogniti,
989 3567 1045 3630 five
1067 3569 1164 3630 minus
1172 3591 1224 3632 no·

262 3649 316 3724 ti‚
350 3668 450 3709 ornnes
473 3667 525 3727 pro
546 3646 712 3708 conditione
733 3643 857 3725 personae
878 3645 949 3708 mire
969 3647 1225 3728 amplediebatur,

263 3749 298 3790 ac
319 3727 399 3869 punit
423 3726 566 3806 specuium
588 3724 736 3800 faciebat,
764 3725 811 3786 cui
831 3726 972 3807 quidquid
993 3726 1137 3797 objectum
1159 3728 1192 3788 sit
1214 3768 1223 3799 ‚

258 3828 351 3893 quae
380 3807 410 3870 rd
427 3825 549 3889 cumque
570 3807 634 3884 est,
655 3805 713 3872 tale
734 3802 834 3869 referte
856 3804 951 3875 solet.
985 3811 1054 3888 Qua
1075 3828 1133 3871 una
1151 3823 1224 3882 quo·

1127 3902 1184 3968 que
