3000 4559
515 465 968 529 orrarrourr.
1139 486 1193 550 143
1250 490 1253 495 ·

260 548 335 613 tu'm
357 543 400 607 eis
415 563 622 628 componeret,
641 547 822 634 certioraque
844 544 945 608 omnia
964 544 1001 606 ad
1022 561 1052 607 te
1073 547 1166 610 secum
1189 549 1236 612 de·

266 625 377 689 secret?
407 641 496 708 atque
516 628 624 688 interea
644 627 696 687 tibi
719 626 746 687 se
767 626 919 706 surriperet
949 624 999 689 vel
1020 626 1054 687 in
1074 626 1235 767 Cyprum,

268 707 316 769 ves
344 706 490 767 etiamad
512 708 624 768 Turcas
642 703 653 766 s
673 708 726 768 Sin
747 705 824 768 secus
849 722 976 781 tamen,
999 703 1078 845 (im
1103 705 1148 767 ili
1170 728 1237 771 ere·

267 786 313 847 nit
329 828 340 858 ‚
364 785 486 848 omnino
511 784 654 847 accidisset
670 785 730 861 ,ei
752 805 873 925 guoque
889 785 929 846 rei
945 785 1004 926 dub
1017 804 1051 849 ex
1075 785 1234 851 temedium

264 864 480 937 constituerat3
503 865 646 940 alterum,
668 881 751 927 utre
774 868 849 927 itum
869 864 952 927 suum
1006 865 1116 928 enetiar
1138 865 1233 928 caussa

263 943 454 1007 necessarium
471 945 526 1007 esse
541 945 596 1006 tibi
614 944 808 1026 persuaderet:
829 944 860 1006 id
878 943 956 1027 quod
972 943 1058 1030 plane
1075 944 1146 1019 scis,
1166 965 1236 1007 eum

267 1026 360 1086 etiam
380 1043 399 1085 a
419 1041 448 1086 te
469 1024 568 1106 sapius
589 1025 737 1104 petivisse,
757 1045 844 1108 quern
863 1041 896 1086 tu
911 1024 959 1101 id,
982 1024 1060 1165 ‘imd
1078 1041 1156 1100 etat,
1173 1043 1236 1086 mo·

267 1103 317 1166 liri
338 1103 569 1185 suspicans,nun
593 1124 660 1165 uam
682 1104 760 1166 abire
780 1104 944 1185 permisisti.
966 1105 1103 1169 Ateium
1124 1102 1233 1166 eratin

265 1182 314 1245 his
334 1183 449 1258 literis,
481 1202 553 1264 quas
571 1123 627 1245 cbbi
656 1183 832 1259 effinxerat,
859 1201 947 1266 atque
969 1183 1002 1245 in
1022 1183 1073 1246 sua
1093 1183 1232 1258 audacia,

266 1278 327 1338 ut,
354 1263 375 1324 sr
396 1261 508 1325 isaacus
538 1279 591 1325 tuo
620 1265 713 1326 accitu
735 1263 771 1326 ad
792 1264 869 1327 diem
890 1264 1074 1338 advenisset,
1101 1283 1168 1326 eum
1189 1265 1234 1326 ita

266 1339 281 1427 [
303 1359 338 1405 ut
354 1362 427 1432 pene
448 1343 537 1404 etiarn
553 1341 622 1405 secit
644 1343 657 1426 ]
683 1342 742 1404 issis
764 1345 830 1424 ipsis
851 1343 971 1418 literis,
999 1341 1053 1407 issa
1074 1342 1124 1405 sua
1145 1341 1233 1405 auda·

265 1421 331 1497 cia,
353 1422 413 1484 istis
434 1421 490 1482 suis
511 1423 586 1484 dosis
607 1421 852 1504 perterrefaceret,
872 1438 961 1505 atque
981 1421 1165 1485 convinceret
1185 1419 1233 1483 vel
1311 1465 1315 1473 -

265 1500 304 1562 ed
326 1500 423 1562 musto
445 1501 535 1563 etiam
577 1503 691 1566 taviora
712 1502 925 1566 confitendum.
946 1501 1028 1580 Quip
1078 1500 1131 1582 qui
1147 1499 1235 1564 auda·

265 1578 398 1643 tissimus
418 1579 510 1642 Sinon
529 1522 664 1644 adversus
684 1580 958 1645 meticusofiffimum
978 1581 1017 1655 Ju
1061 1600 1128 1656 um,
1147 1596 1237 1664 atque

265 1659 346 1801 :gud
369 1679 435 1721 eum
458 1661 619 1743 Principem
642 1661 673 1724 id
693 1662 720 1724 se
742 1662 875 1723 adiutum
895 1661 1024 1735 videret,
1044 1662 1125 1730 cuius
1147 1659 1234 1723 saluti

327 1739 383 1802 isto
404 1738 569 1802 insidiatum
589 1741 644 1803 esse
664 1741 1043 1804 audactercriminaretur.
1063 1739 1114 1800 Sin
1137 1741 1236 1801 venire

266 1817 435 1894 recusasset,
456 1834 520 1882 tum
541 1820 670 1902 sperabat
693 1841 753 1882 uno
772 1841 808 1883 eo
828 1819 904 1886 fatto
924 1820 963 1885 stc
982 1839 1043 1885 tem
1065 1834 1159 1882 totam
1180 1817 1235 1883 tibi

264 1897 489 1980 comprobatum
518 1900 588 1977 iri,
626 1917 660 1963 ut
689 1901 767 1963 nihis
794 1901 873 1964 aliud
902 1899 1112 1985 expediendum
1141 1900 1234 1976 esset,

263 1979 342 2061 quin
363 1979 504 2043 continuo
524 1980 561 2041 de
581 1982 717 2044 indicatis
734 1981 858 2043 Civibus
875 1983 933 2045 tuis
950 1979 1125 2062 supplicium
1142 1980 1235 2041 sume·

263 2077 337 2133 rer,
366 2079 400 2120 ac
452 2079 484 2121 to
505 2058 630 2122 turribus
652 2078 752 2122 eorum
775 2062 872 2140 capita
893 2059 979 2121 hastis
1001 2057 1088 2121 affixa
1107 2056 1232 2140 appendi

263 2135 400 2211 iuberer.
421 2077 513 2209 &ujus
534 2158 574 2228 qu
617 2158 652 2199 ue
673 2140 812 2219 posserius
833 2138 983 2201 consilium
1007 2137 1136 2225 inustum
1159 2154 1232 2199 tent·

262 2217 344 2299 potis
366 2219 479 2280 ratione
502 2217 590 2288 adtuv
628 2234 718 2278 atur.
741 2217 778 2281 In
801 2217 831 2280 id
853 2219 932 2278 enim
954 2233 1068 2295 tempus
1089 2214 1168 2275 istius
1188 2235 1233 2276 ac·

261 2295 378 2359 cusatio
399 2297 568 2371 inciderat,
586 2312 620 2358 ut
640 2296 671 2357 in
691 2296 795 2434 magssis'
808 2310 1006 2384 opportunum
1029 2291 1153 2354 incidere
1172 2312 1233 2356 non

259 2376 375 2521 figet,
395 2394 463 2436 curn
479 2373 551 2449 tibi,
564 2375 717 2456 Princeps,
734 2395 752 2437 a
787 2392 947 2462 impiorum
963 2370 1147 2454 quorundam
1164 2392 1232 2434 curn

331 2475 382 2530 ts,
404 2470 467 2516 tum
488 2474 603 2517 ueneno
622 2473 799 2537 magnopere
819 2451 984 2515 timendum
1004 2451 1098 2523 esset,
1128 2467 1161 2512 ut
1183 2451 1231 2513 vel

261 2554 285 2597 a
305 2533 414 2617 quovis
435 2534 554 2597 homine
575 2532 629 2597 tibi
650 2533 840 2596 metuendum
856 2533 908 2594 esse
924 2531 997 2595 resse
1019 2529 1152 2611 suspicari
1164 2529 1233 2673 (pos-

263 2614 326 2679 ses.
349 2612 383 2674 ld
403 2613 483 2697 quod
501 2633 608 2677 cuma
630 2631 681 2678 tua
702 2614 861 2696 suspicione
883 2609 1083 2692 impetrasset,
1111 2610 1163 2692 qui
1203 2629 1231 2673 et

305 2693 364 2754 sica
384 2694 547 2759 timendum
568 2710 647 2772 erat,
668 2695 747 2777 quod
769 2708 884 2758 tantum
907 2691 996 2756 scesus
1016 2690 1148 2771 detegere
1167 2690 1230 2772 pos-

278 2790 328 2848 et,
368 2772 536 2837 uamobrem
557 2794 617 2837 non
635 2791 774 2856 perpetuo
789 2773 867 2852 apud
889 2788 918 2835 te
933 2770 1092 2836 felicissime
1108 2768 1228 2852 ageret?

261 2854 307 2915 At
331 2793 444 2916 liaeus
466 2855 559 2916 adhuc
578 2857 714 2917 viveret.
745 2856 788 2916 At
807 2851 892 2915 sacise
912 2851 988 2926 iste,
1011 2868 1044 2913 ut
1066 2851 1090 2914 is
1110 2869 1229 2932 quoque

261 2931 419 3003 demedio
439 2928 606 3007 tolleretur,
626 2953 725 2997 curate
745 2934 897 3013 potuisset.
918 2930 966 2992 nd
982 2932 1043 2992 haec
1057 2929 1228 2994 accedebant

263 3026 371 3101 prater
388 3009 449 3080 ejus
469 3009 700 3075 incolumitatem
723 3013 858 3092 premia,
878 3029 943 3091 quae
959 3009 1010 3071 fibi
1025 3007 1229 3089 proposuerat,

265 3090 424 3173 angentia,
451 3086 575 3151 sortunae
594 3089 797 3152 damnatorum
821 3086 1073 3168 locupletissima,
1102 3104 1176 3167 quas
1195 3101 1228 3147 tu

266 3188 385 3260 quoque
407 3168 453 3232 issi
473 3168 662 3252 promiseras3
682 3183 734 3231 tua
754 3168 897 3248 denique,
918 3166 1019 3227 Prince
1061 3207 1071 3239 ,
1091 3178 1229 3247 perpetua

265 3266 389 3331 gratia,
416 3268 481 3332 qua
509 3268 564 3331 pto
589 3264 707 3310 centum
727 3245 857 3307 missibus
878 3243 1007 3309 insttussi
1031 3242 1096 3305 unis
1116 3241 1229 3325 prediis

267 3330 320 3395 esse
381 3345 474 3401 terat3
496 3344 531 3391 ut
573 3327 637 3390 lane
657 3328 775 3402 videas,
795 3341 910 3387 tantum
932 3322 1047 3398 abesse,
1069 3338 1104 3385 ut
1122 3321 1228 3405 absque

266 3349 379 3485 enasib?
399 3424 488 3492 atque
508 3348 590 3471 nuiio
611 3407 724 3488 prorsus
744 3405 864 3468 consilio
885 3402 935 3467 iste
958 3404 985 3465 se
1002 3404 1033 3464 in
1051 3419 1167 3466 tantum
1182 3404 1226 3472 vi·

267 3502 302 3553 ιε
326 3488 479 3551 discrimen
503 3488 684 3564 coniecerit,
704 3503 738 3549 ut
758 3488 849 3548 eriam
870 3483 931 3566 posi
951 3482 1050 3548 salutis
1070 3482 1125 3549 sua
1144 3503 1224 3551 recu·

264 3567 446 3649 perationem
467 3569 500 3631 in
522 3568 638 3633 infinita
657 3567 776 3648 praemia
798 3580 937 3639 uocatus,
959 3561 1152 3649 peslesiusque
1172 3564 1226 3627 esse

266 3646 416 3718 rideatur3
436 3668 529 3728 neque
550 3648 706 3730 quicquam
728 3663 790 3708 tam
811 3664 923 3708 novum
940 3643 1127 3734 excogitasse,
1145 3642 1226 3727 quod

265 3746 326 3791 uon
350 3727 450 3811 quivis
473 3727 552 3791 istius
574 3726 769 3807 nepesinus,
801 3725 831 3788 δι
860 3724 985 3789 audacia
1015 3744 1046 3785 tn
1067 3724 1121 3786 hac
1143 3738 1227 3786 tanta

265 3825 363 3871 tetum
382 3808 603 3893 opportunitate
622 3826 683 3875 uon
702 3807 817 3874 vidisset
836 3849 846 3883 ,
865 3825 923 3869 nou
944 3802 1027 3873 ausus
1048 3803 1114 3871 esset
1132 3801 1227 3879 „1²⁰³

1116 3897 1187 3943 vero
1257 3920 1353 4059 Ι
