<?xml version="1.0" encoding="UTF-8"?>
<!DOCTYPE html PUBLIC "-//W3C//DTD XHTML 1.0 Transitional//EN"
    "http://www.w3.org/TR/xhtml1/DTD/xhtml1-transitional.dtd">
<html xmlns="http://www.w3.org/1999/xhtml" xml:lang="en" lang="en">
 <head>
  <title>
</title>
<meta http-equiv="Content-Type" content="text/html;charset=utf-8" />
  <meta name='ocr-system' content='tesseract 3.04.00' />
  <meta name='ocr-capabilities' content='ocr_page ocr_carea ocr_par ocr_line ocrx_word'/>
</head>
<body>
  <div class='ocr_page' id='page_1' title='image "./operumtomusprim00riccgoog_0256.png"; bbox 0 0 3000 4559; ppageno 0'>
   <div class='ocr_carea' id='block_1_1' title="bbox 339 465 1306 1439">
    <p class='ocr_par' dir='ltr' id='par_1_1' title="bbox 381 465 1062 541">
     <span class='ocr_line' id='line_1_1' title="bbox 381 465 1062 541; baseline -0.01 -6"><span class='ocrx_word' id='word_1_1' title='bbox 381 488 442 536; x_wconf 82' lang='lat'><strong>202</strong></span> <span class='ocrx_word' id='word_1_2' title='bbox 486 537 488 541; x_wconf 72' lang='grc'><strong>,</strong></span> <span class='ocrx_word' id='word_1_3' title='bbox 619 466 874 532; x_wconf 83' lang='lat' dir='ltr'>B&#39;ARTHOL&#39;</span> <span class='ocrx_word' id='word_1_4' title='bbox 894 465 1062 529; x_wconf 79' lang='lat' dir='ltr'><strong>thcrr</strong></span> 
     </span>
    </p>

    <p class='ocr_par' dir='ltr' id='par_1_2' title="bbox 339 547 1306 1439">
     <span class='ocr_line' id='line_1_2' title="bbox 340 547 1301 638; baseline -0.004 -22"><span class='ocrx_word' id='word_1_5' title='bbox 340 554 480 638; x_wconf 82' lang='lat' dir='ltr'><strong>piaceat.</strong></span> <span class='ocrx_word' id='word_1_6' title='bbox 506 553 591 616; x_wconf 87' lang='lat' dir='ltr'><strong>Nam</strong></span> <span class='ocrx_word' id='word_1_7' title='bbox 610 550 722 634; x_wconf 88' lang='lat' dir='ltr'><strong>aliquid</strong></span> <span class='ocrx_word' id='word_1_8' title='bbox 737 550 790 612; x_wconf 89' lang='lat' dir='ltr'><strong>esse</strong></span> <span class='ocrx_word' id='word_1_9' title='bbox 806 570 855 610; x_wconf 90' lang='lat' dir='ltr'><strong>me</strong></span> <span class='ocrx_word' id='word_1_10' title='bbox 878 569 955 610; x_wconf 86' lang='lat' dir='ltr'><strong>nunc</strong></span> <span class='ocrx_word' id='word_1_11' title='bbox 971 565 1050 611; x_wconf 88' lang='lat' dir='ltr'><strong>certo</strong></span> <span class='ocrx_word' id='word_1_12' title='bbox 1067 547 1125 609; x_wconf 89' lang='lat' dir='ltr'><strong>scio</strong></span> <span class='ocrx_word' id='word_1_13' title='bbox 1144 592 1154 620; x_wconf 91' lang='lat'>‚</span> <span class='ocrx_word' id='word_1_14' title='bbox 1181 569 1247 610; x_wconf 88' lang='lat' dir='ltr'><strong>cunr</strong></span> <span class='ocrx_word' id='word_1_15' title='bbox 1270 563 1301 612; x_wconf 86' lang='lat' dir='ltr'><strong>tu</strong></span> 
     </span>
     <span class='ocr_line' id='line_1_3' title="bbox 343 628 1303 712; baseline -0.005 -16"><span class='ocrx_word' id='word_1_16' title='bbox 343 635 422 696; x_wconf 82' lang='lat' dir='ltr'><strong>nihil</strong></span> <span class='ocrx_word' id='word_1_17' title='bbox 440 633 501 696; x_wconf 86' lang='lat' dir='ltr'><strong>esse-</strong></span> <span class='ocrx_word' id='word_1_18' title='bbox 510 653 559 696; x_wconf 87' lang='lat' dir='ltr'><strong>me</strong></span> <span class='ocrx_word' id='word_1_19' title='bbox 576 632 686 706; x_wconf 86' lang='lat' dir='ltr'><strong>judicas</strong></span> <span class='ocrx_word' id='word_1_20' title='bbox 696 653 705 703; x_wconf 82' lang='lat'>3</span> <span class='ocrx_word' id='word_1_21' title='bbox 725 629 978 712; x_wconf 83' lang='lat' dir='ltr'><strong>molestissimeque</strong></span> <span class='ocrx_word' id='word_1_22' title='bbox 993 645 1097 691; x_wconf 89' lang='lat' dir='ltr'><strong>contra</strong></span> <span class='ocrx_word' id='word_1_23' title='bbox 1111 628 1266 706; x_wconf 85' lang='lat' dir='ltr'><strong>accideret,</strong></span> <span class='ocrx_word' id='word_1_24' title='bbox 1285 631 1303 691; x_wconf 85' lang='lat' dir='ltr'><strong>si</strong></span> 
     </span>
     <span class='ocr_line' id='line_1_4' title="bbox 348 709 1306 795; baseline -0.006 -18"><span class='ocrx_word' id='word_1_25' title='bbox 348 736 386 777; x_wconf 83' lang='lat' dir='ltr'><strong>ex</strong></span> <span class='ocrx_word' id='word_1_26' title='bbox 409 715 530 791; x_wconf 83' lang='lat' dir='ltr'><strong>animo,</strong></span> <span class='ocrx_word' id='word_1_27' title='bbox 548 727 638 795; x_wconf 89' lang='lat' dir='ltr'><strong>atque</strong></span> <span class='ocrx_word' id='word_1_28' title='bbox 659 732 728 774; x_wconf 89' lang='lat' dir='ltr'><strong>vere</strong></span> <span class='ocrx_word' id='word_1_29' title='bbox 748 731 797 772; x_wconf 91' lang='lat' dir='ltr'><strong>me</strong></span> <span class='ocrx_word' id='word_1_30' title='bbox 816 709 965 772; x_wconf 85' lang='lat' dir='ltr'><strong>laudares.</strong></span> <span class='ocrx_word' id='word_1_31' title='bbox 985 709 1125 772; x_wconf 87' lang='lat' dir='ltr'>Putarem</span> <span class='ocrx_word' id='word_1_32' title='bbox 1146 709 1243 786; x_wconf 89' lang='lat' dir='ltr'><strong>enim,</strong></span> <span class='ocrx_word' id='word_1_33' title='bbox 1264 731 1306 774; x_wconf 88' lang='lat' dir='ltr'><strong>me</strong></span> 
     </span>
     <span class='ocr_line' id='line_1_5' title="bbox 341 789 1304 878; baseline -0.005 -21"><span class='ocrx_word' id='word_1_34' title='bbox 341 815 414 858; x_wconf 86' lang='lat' dir='ltr'><strong>eum</strong></span> <span class='ocrx_word' id='word_1_35' title='bbox 434 795 506 870; x_wconf 87' lang='lat' dir='ltr'><strong>esse,</strong></span> <span class='ocrx_word' id='word_1_36' title='bbox 525 813 615 878; x_wconf 89' lang='lat' dir='ltr'><strong>quem</strong></span> <span class='ocrx_word' id='word_1_37' title='bbox 634 808 669 854; x_wconf 88' lang='lat' dir='ltr'><strong>tu</strong></span> <span class='ocrx_word' id='word_1_38' title='bbox 690 792 856 867; x_wconf 82' lang='lat' dir='ltr'><strong>existimas,</strong></span> <span class='ocrx_word' id='word_1_39' title='bbox 878 791 933 852; x_wconf 90' lang='lat' dir='ltr'><strong>hoc</strong></span> <span class='ocrx_word' id='word_1_40' title='bbox 954 791 1013 865; x_wconf 89' lang='lat' dir='ltr'><strong>est,</strong></span> <span class='ocrx_word' id='word_1_41' title='bbox 1033 791 1053 850; x_wconf 90' lang='lat' dir='ltr'>h</span> <span class='ocrx_word' id='word_1_42' title='bbox 1074 789 1187 850; x_wconf 87' lang='lat' dir='ltr'><strong>minem</strong></span> <span class='ocrx_word' id='word_1_43' title='bbox 1203 791 1304 852; x_wconf 82' lang='lat' dir='ltr'><strong>nullius</strong></span> 
     </span>
     <span class='ocr_line' id='line_1_6' title="bbox 347 811 1304 959; baseline -0.005 -22"><span class='ocrx_word' id='word_1_44' title='bbox 347 875 450 959; x_wconf 78' lang='lat' dir='ltr'><strong>pretii.</strong></span> <span class='ocrx_word' id='word_1_45' title='bbox 469 873 600 936; x_wconf 82' lang='lat' dir='ltr'><strong>Tametsi</strong></span> <span class='ocrx_word' id='word_1_46' title='bbox 620 873 695 934; x_wconf 66' lang='lat' dir='ltr'><strong>resse</strong></span> <span class='ocrx_word' id='word_1_47' title='bbox 715 873 764 934; x_wconf 84' lang='lat' dir='ltr'><strong>hic</strong></span> <span class='ocrx_word' id='word_1_48' title='bbox 786 887 820 933; x_wconf 86' lang='lat' dir='ltr'><strong>tu</strong></span> <span class='ocrx_word' id='word_1_49' title='bbox 841 871 961 954; x_wconf 84' lang='lat' dir='ltr'><strong>quidem</strong></span> <span class='ocrx_word' id='word_1_50' title='bbox 982 892 1001 934; x_wconf 90' lang='lat' dir='ltr'><strong>a</strong></span> <span class='ocrx_word' id='word_1_51' title='bbox 1021 811 1072 931; x_wconf 63' lang='lat' dir='ltr'><strong>mi</strong></span> <span class='ocrx_word' id='word_1_52' title='bbox 1087 868 1187 931; x_wconf 88' lang='lat' dir='ltr'><strong>doceri</strong></span> <span class='ocrx_word' id='word_1_53' title='bbox 1209 872 1304 951; x_wconf 85' lang='lat' dir='ltr'><strong>cupis,</strong></span> 
     </span>
     <span class='ocr_line' id='line_1_7' title="bbox 346 951 1303 1039; baseline -0.006 -20"><span class='ocrx_word' id='word_1_54' title='bbox 346 977 368 1018; x_wconf 82' lang='lat' dir='ltr'><strong>a</strong></span> <span class='ocrx_word' id='word_1_55' title='bbox 387 976 448 1039; x_wconf 90' lang='lat' dir='ltr'><strong>quo</strong></span> <span class='ocrx_word' id='word_1_56' title='bbox 466 954 605 1018; x_wconf 84' lang='lat' dir='ltr'><strong>videlicet</strong></span> <span class='ocrx_word' id='word_1_57' title='bbox 625 953 697 1014; x_wconf 84' lang='lat' dir='ltr'><strong>alias</strong></span> <span class='ocrx_word' id='word_1_58' title='bbox 717 953 809 1014; x_wconf 91' lang='lat' dir='ltr'><strong>etiam</strong></span> <span class='ocrx_word' id='word_1_59' title='bbox 830 951 864 1014; x_wconf 86' lang='lat' dir='ltr'><strong>ste</strong></span> <span class='ocrx_word' id='word_1_60' title='bbox 886 953 930 1014; x_wconf 82' lang='lat' dir='ltr'><strong>ius</strong></span> <span class='ocrx_word' id='word_1_61' title='bbox 952 951 1069 1012; x_wconf 76' lang='lat' dir='ltr'><strong>edesius</strong></span> <span class='ocrx_word' id='word_1_62' title='bbox 1091 970 1148 1025; x_wconf 87' lang='lat' dir='ltr'><strong>es,</strong></span> <span class='ocrx_word' id='word_1_63' title='bbox 1166 965 1254 1031; x_wconf 88' lang='lat' dir='ltr'><strong>atque</strong></span> <span class='ocrx_word' id='word_1_64' title='bbox 1270 954 1303 1014; x_wconf 84' lang='lat' dir='ltr'><strong>ad</strong></span> 
     </span>
     <span class='ocr_line' id='line_1_8' title="bbox 343 1029 1304 1112; baseline -0.005 -14"><span class='ocrx_word' id='word_1_65' title='bbox 343 1037 499 1098; x_wconf 83' lang='lat' dir='ltr'><strong>summum</strong></span> <span class='ocrx_word' id='word_1_66' title='bbox 519 1054 622 1096; x_wconf 88' lang='lat' dir='ltr'><strong>meum</strong></span> <span class='ocrx_word' id='word_1_67' title='bbox 644 1031 820 1094; x_wconf 80' lang='lat' dir='ltr'><strong>fastidiunt.</strong></span> <span class='ocrx_word' id='word_1_68' title='bbox 883 1051 964 1094; x_wconf 88' lang='lat' dir='ltr'><strong>erum</strong></span> <span class='ocrx_word' id='word_1_69' title='bbox 985 1031 1045 1093; x_wconf 80' lang='lat' dir='ltr'><strong>hac</strong></span> <span class='ocrx_word' id='word_1_70' title='bbox 1066 1029 1194 1112; x_wconf 85' lang='lat' dir='ltr'><strong>puerilia</strong></span> <span class='ocrx_word' id='word_1_71' title='bbox 1209 1031 1242 1091; x_wconf 91' lang='lat' dir='ltr'><strong>de</strong></span> <span class='ocrx_word' id='word_1_72' title='bbox 1260 1032 1304 1093; x_wconf 79' lang='lat' dir='ltr'><strong>ali</strong></span> 
     </span>
     <span class='ocr_line' id='line_1_9' title="bbox 346 1109 1303 1199; baseline -0.002 -23"><span class='ocrx_word' id='word_1_73' title='bbox 346 1135 411 1199; x_wconf 85' lang='lat' dir='ltr'><strong>quo</strong></span> <span class='ocrx_word' id='word_1_74' title='bbox 432 1132 484 1177; x_wconf 92' lang='lat' dir='ltr'><strong>tuo</strong></span> <span class='ocrx_word' id='word_1_75' title='bbox 505 1113 716 1178; x_wconf 80' lang='lat' dir='ltr'><strong>Grammatisia</strong></span> <span class='ocrx_word' id='word_1_76' title='bbox 735 1113 792 1187; x_wconf 86' lang='lat' dir='ltr'><strong>tibi</strong></span> <span class='ocrx_word' id='word_1_77' title='bbox 813 1132 938 1195; x_wconf 83' lang='lat' dir='ltr'><strong>quarere</strong></span> <span class='ocrx_word' id='word_1_78' title='bbox 956 1112 1081 1186; x_wconf 76' lang='lat' dir='ltr'><strong>licebit,</strong></span> <span class='ocrx_word' id='word_1_79' title='bbox 1101 1109 1179 1186; x_wconf 84' lang='lat' dir='ltr'><strong>cui,</strong></span> <span class='ocrx_word' id='word_1_80' title='bbox 1199 1130 1263 1172; x_wconf 85' lang='lat' dir='ltr'><strong>curn</strong></span> <span class='ocrx_word' id='word_1_81' title='bbox 1279 1129 1303 1174; x_wconf 81' lang='lat' dir='ltr'><strong>te</strong></span> 
     </span>
     <span class='ocr_line' id='line_1_10' title="bbox 350 1188 1303 1277; baseline -0.002 -21"><span class='ocrx_word' id='word_1_82' title='bbox 350 1215 387 1256; x_wconf 83' lang='lat' dir='ltr'><strong>ea</strong></span> <span class='ocrx_word' id='word_1_83' title='bbox 406 1193 538 1256; x_wconf 85' lang='lat' dir='ltr'>docuerit</span> <span class='ocrx_word' id='word_1_84' title='bbox 562 1239 571 1270; x_wconf 91' lang='lat'>‚</span> <span class='ocrx_word' id='word_1_85' title='bbox 598 1196 727 1276; x_wconf 86' lang='lat' dir='ltr'><strong>gratiam</strong></span> <span class='ocrx_word' id='word_1_86' title='bbox 747 1213 839 1277; x_wconf 88' lang='lat' dir='ltr'><strong>quarn</strong></span> <span class='ocrx_word' id='word_1_87' title='bbox 860 1194 1021 1255; x_wconf 81' lang='lat' dir='ltr'><strong>maximam</strong></span> <span class='ocrx_word' id='word_1_88' title='bbox 1044 1188 1173 1264; x_wconf 87' lang='lat' dir='ltr'><strong>reseres,</strong></span> <span class='ocrx_word' id='word_1_89' title='bbox 1193 1193 1267 1272; x_wconf 84' lang='lat' dir='ltr'><strong>qnod</strong></span> <span class='ocrx_word' id='word_1_90' title='bbox 1280 1210 1303 1253; x_wconf 84' lang='lat' dir='ltr'><strong>te</strong></span> 
     </span>
     <span class='ocr_line' id='line_1_11' title="bbox 339 1269 1301 1356; baseline -0.005 -19"><span class='ocrx_word' id='word_1_91' title='bbox 339 1275 425 1337; x_wconf 85' lang='lat' dir='ltr'><strong>nihil</strong></span> <span class='ocrx_word' id='word_1_92' title='bbox 446 1275 515 1337; x_wconf 84' lang='lat' dir='ltr'><strong>scire</strong></span> <span class='ocrx_word' id='word_1_93' title='bbox 536 1273 665 1338; x_wconf 88' lang='lat' dir='ltr'>docuerit</span> <span class='ocrx_word' id='word_1_94' title='bbox 683 1295 692 1346; x_wconf 79' lang='lat'>5</span> <span class='ocrx_word' id='word_1_95' title='bbox 712 1295 795 1335; x_wconf 90' lang='lat' dir='ltr'><strong>ame</strong></span> <span class='ocrx_word' id='word_1_96' title='bbox 810 1294 898 1348; x_wconf 86' lang='lat' dir='ltr'><strong>vero,</strong></span> <span class='ocrx_word' id='word_1_97' title='bbox 919 1274 1005 1356; x_wconf 91' lang='lat' dir='ltr'><strong>idque</strong></span> <span class='ocrx_word' id='word_1_98' title='bbox 1026 1271 1133 1353; x_wconf 85' lang='lat' dir='ltr'><strong>gratis,</strong></span> <span class='ocrx_word' id='word_1_99' title='bbox 1149 1269 1239 1347; x_wconf 87' lang='lat' dir='ltr'><strong>disce,</strong></span> <span class='ocrx_word' id='word_1_100' title='bbox 1255 1276 1301 1334; x_wconf 81' lang='lat' dir='ltr'><strong>Uir·</strong></span> 
     </span>
     <span class='ocr_line' id='line_1_12' title="bbox 341 1355 1037 1439; baseline -0.001 -25"><span class='ocrx_word' id='word_1_101' title='bbox 341 1375 458 1439; x_wconf 66' lang='lat' dir='ltr'><strong>garos,</strong></span> <span class='ocrx_word' id='word_1_102' title='bbox 480 1371 563 1418; x_wconf 87' lang='lat' dir='ltr'><strong>tuam</strong></span> <span class='ocrx_word' id='word_1_103' title='bbox 585 1375 688 1419; x_wconf 88' lang='lat' dir='ltr'><strong>vocem</strong></span> <span class='ocrx_word' id='word_1_104' title='bbox 708 1355 780 1431; x_wconf 87' lang='lat' dir='ltr'><strong>esse,</strong></span> <span class='ocrx_word' id='word_1_105' title='bbox 800 1374 861 1416; x_wconf 91' lang='lat' dir='ltr'><strong>non</strong></span> <span class='ocrx_word' id='word_1_106' title='bbox 881 1355 1037 1417; x_wconf 83' lang='lat' dir='ltr'><strong>Latinam.</strong></span> 
     </span>
    </p>
   </div>
   <div class='ocr_carea' id='block_1_2' title="bbox 280 1508 1345 1918">
    <p class='ocr_par' dir='ltr' id='par_1_3' title="bbox 280 1508 1345 1918">
     <span class='ocr_line' id='line_1_13' title="bbox 280 1508 1340 1617; baseline -0.006 -40"><span class='ocrx_word' id='word_1_107' title='bbox 280 1530 281 1534; x_wconf 77' lang='grc'>’</span> <span class='ocrx_word' id='word_1_108' title='bbox 346 1551 352 1559; x_wconf 89' lang='grc'><strong>-</strong></span> <span class='ocrx_word' id='word_1_109' title='bbox 390 1518 522 1577; x_wconf 79' lang='lat' dir='ltr'><strong>Preterea</strong></span> <span class='ocrx_word' id='word_1_110' title='bbox 542 1539 608 1578; x_wconf 84' lang='lat' dir='ltr'><strong>vero</strong></span> <span class='ocrx_word' id='word_1_111' title='bbox 624 1513 680 1592; x_wconf 82' lang='lat' dir='ltr'><strong>,fi</strong></span> <span class='ocrx_word' id='word_1_112' title='bbox 692 1514 921 1594; x_wconf 78' lang='lat' dir='ltr'><strong>Eminenriffimus</strong></span> <span class='ocrx_word' id='word_1_113' title='bbox 941 1514 1071 1594; x_wconf 78' lang='lat' dir='ltr'><strong>Princeps</strong></span> <span class='ocrx_word' id='word_1_114' title='bbox 1091 1512 1177 1591; x_wconf 66' lang='lat' dir='ltr'><strong>nester</strong></span> <span class='ocrx_word' id='word_1_115' title='bbox 1195 1513 1293 1591; x_wconf 62' lang='lat' dir='ltr'><strong>Angla,</strong></span> <span class='ocrx_word' id='word_1_116' title='bbox 1334 1508 1340 1617; x_wconf 54' lang='grc' dir='ltr'><strong><em>ἱ</em></strong></span> 
     </span>
     <span class='ocr_line' id='line_1_14' title="bbox 348 1592 1294 1677; baseline -0.001 -20"><span class='ocrx_word' id='word_1_117' title='bbox 348 1597 501 1677; x_wconf 63' lang='lat' dir='ltr'><strong>Hispanis,</strong></span> <span class='ocrx_word' id='word_1_118' title='bbox 523 1598 643 1672; x_wconf 81' lang='lat' dir='ltr'><strong>Gallis,</strong></span> <span class='ocrx_word' id='word_1_119' title='bbox 665 1599 832 1672; x_wconf 86' lang='lat' dir='ltr'><strong>Germanis,</strong></span> <span class='ocrx_word' id='word_1_120' title='bbox 853 1618 887 1657; x_wconf 85' lang='lat' dir='ltr'><strong>ac</strong></span> <span class='ocrx_word' id='word_1_121' title='bbox 902 1596 1017 1670; x_wconf 82' lang='lat' dir='ltr'><strong>Dariis,</strong></span> <span class='ocrx_word' id='word_1_122' title='bbox 1038 1595 1186 1656; x_wconf 69' lang='lat' dir='ltr'><strong>nedicunt</strong></span> <span class='ocrx_word' id='word_1_123' title='bbox 1206 1592 1294 1656; x_wconf 72' lang='lat' dir='ltr'><strong>stasisr</strong></span> 
     </span>
     <span class='ocr_line' id='line_1_15' title="bbox 340 1672 1345 1756; baseline -0.007 -18"><span class='ocrx_word' id='word_1_124' title='bbox 340 1677 493 1756; x_wconf 78' lang='lat' dir='ltr'><strong>scriberet,</strong></span> <span class='ocrx_word' id='word_1_125' title='bbox 513 1677 659 1738; x_wconf 81' lang='lat' dir='ltr'><strong>Herculem</strong></span> <span class='ocrx_word' id='word_1_126' title='bbox 674 1678 812 1755; x_wconf 72' lang='lat' dir='ltr'><strong>Atestium</strong></span> <span class='ocrx_word' id='word_1_127' title='bbox 827 1676 931 1735; x_wconf 80' lang='lat' dir='ltr'><strong>externi</strong></span> <span class='ocrx_word' id='word_1_128' title='bbox 945 1720 954 1749; x_wconf 86' lang='lat'>‚</span> <span class='ocrx_word' id='word_1_129' title='bbox 968 1672 1124 1749; x_wconf 75' lang='lat' dir='ltr'><strong>finitimive</strong></span> <span class='ocrx_word' id='word_1_130' title='bbox 1139 1673 1237 1754; x_wconf 82' lang='lat' dir='ltr'><strong>populi</strong></span> <span class='ocrx_word' id='word_1_131' title='bbox 1248 1694 1293 1732; x_wconf 81' lang='lat' dir='ltr'><strong>erin</strong></span> <span class='ocrx_word' id='word_1_132' title='bbox 1343 1720 1345 1754; x_wconf 40' lang='lat'>5</span> 
     </span>
     <span class='ocr_line' id='line_1_16' title="bbox 347 1752 1345 1850; baseline -0.004 -35"><span class='ocrx_word' id='word_1_133' title='bbox 347 1778 402 1816; x_wconf 84' lang='lat' dir='ltr'><strong>nen</strong></span> <span class='ocrx_word' id='word_1_134' title='bbox 422 1758 593 1850; x_wconf 72' lang='lat' dir='ltr'><strong>agnoscerent</strong></span> <span class='ocrx_word' id='word_1_135' title='bbox 600 1779 613 1827; x_wconf 87' lang='lat'><strong>,·</strong></span> <span class='ocrx_word' id='word_1_136' title='bbox 628 1755 738 1848; x_wconf 34' lang='lat' dir='ltr'><strong>stvero·</strong></span> <span class='ocrx_word' id='word_1_137' title='bbox 750 1757 882 1817; x_wconf 84' lang='lat' dir='ltr'><strong>Hercules</strong></span> <span class='ocrx_word' id='word_1_138' title='bbox 897 1752 1013 1832; x_wconf 74' lang='lat' dir='ltr'><strong>Essenſss</strong></span> <span class='ocrx_word' id='word_1_139' title='bbox 1024 1775 1171 1835; x_wconf 77' lang='lat' dir='ltr'><strong>cegnoenen</strong></span> <span class='ocrx_word' id='word_1_140' title='bbox 1190 1754 1293 1828; x_wconf 83' lang='lat' dir='ltr'><strong>adderet,</strong></span> <span class='ocrx_word' id='word_1_141' title='bbox 1332 1762 1345 1831; x_wconf 67' lang='lat' dir='ltr'><strong>J,</strong></span> 
     </span>
     <span class='ocr_line' id='line_1_17' title="bbox 346 1834 1345 1918; baseline 0.003 -24"><span class='ocrx_word' id='word_1_142' title='bbox 346 1834 388 1894; x_wconf 79' lang='lat' dir='ltr'><strong>ab</strong></span> <span class='ocrx_word' id='word_1_143' title='bbox 401 1835 531 1895; x_wconf 74' lang='lat' dir='ltr'><strong>mnibus</strong></span> <span class='ocrx_word' id='word_1_144' title='bbox 543 1854 642 1918; x_wconf 79' lang='lat' dir='ltr'><strong>utrque</strong></span> <span class='ocrx_word' id='word_1_145' title='bbox 658 1854 783 1917; x_wconf 73' lang='lat' dir='ltr'><strong>rognum</strong></span> <span class='ocrx_word' id='word_1_146' title='bbox 799 1836 877 1917; x_wconf 73' lang='lat' dir='ltr'><strong>effit.</strong></span> <span class='ocrx_word' id='word_1_147' title='bbox 1227 1877 1230 1884; x_wconf 89' lang='lat'>·</span> <span class='ocrx_word' id='word_1_148' title='bbox 1331 1870 1345 1914; x_wconf 82' lang='lat' dir='ltr'><strong>&#39;r</strong></span> 
     </span>
    </p>
   </div>
   <div class='ocr_carea' id='block_1_3' title="bbox 270 1951 1345 2376">
    <p class='ocr_par' dir='ltr' id='par_1_4' title="bbox 390 1951 1345 2082">
     <span class='ocr_line' id='line_1_18' title="bbox 390 1951 1345 2082; baseline -0.003 -26"><span class='ocrx_word' id='word_1_149' title='bbox 390 1993 423 2056; x_wconf 89' lang='lat' dir='ltr'><strong>Si</strong></span> <span class='ocrx_word' id='word_1_150' title='bbox 441 1994 518 2054; x_wconf 89' lang='lat' dir='ltr'><strong>mihi</strong></span> <span class='ocrx_word' id='word_1_151' title='bbox 538 1995 595 2056; x_wconf 91' lang='lat' dir='ltr'><strong>hoc</strong></span> <span class='ocrx_word' id='word_1_152' title='bbox 616 1997 683 2058; x_wconf 82' lang='lat' dir='ltr'><strong>ioco</strong></span> <span class='ocrx_word' id='word_1_153' title='bbox 702 1995 998 2077; x_wconf 80' lang='lat' dir='ltr'><strong>tibi&#39;respondendum</strong></span> <span class='ocrx_word' id='word_1_154' title='bbox 1019 1995 1072 2071; x_wconf 89' lang='lat' dir='ltr'><strong>fit,</strong></span> <span class='ocrx_word' id='word_1_155' title='bbox 1095 1993 1210 2068; x_wconf 85' lang='lat' dir='ltr'><strong>dicam,</strong></span> <span class='ocrx_word' id='word_1_156' title='bbox 1224 1993 1296 2082; x_wconf 74' lang='lat' dir='ltr'><strong>teissr</strong></span> <span class='ocrx_word' id='word_1_157' title='bbox 1329 1951 1345 2079; x_wconf 55' lang='grc' dir='ltr'>Ξ</span> 
     </span>
    </p>

    <p class='ocr_par' dir='ltr' id='par_1_5' title="bbox 270 2074 1345 2240">
     <span class='ocr_line' id='line_1_19' title="bbox 270 2074 1345 2158; baseline -0.004 -22"><span class='ocrx_word' id='word_1_158' title='bbox 270 2132 272 2136; x_wconf 20' lang='lat'><em>⁴</em></span> <span class='ocrx_word' id='word_1_159' title='bbox 348 2090 406 2137; x_wconf 80' lang='lat' dir='ltr'><strong>tuo</strong></span> <span class='ocrx_word' id='word_1_160' title='bbox 424 2074 514 2136; x_wconf 87' lang='lat' dir='ltr'><strong>modo</strong></span> <span class='ocrx_word' id='word_1_161' title='bbox 534 2074 694 2138; x_wconf 87' lang='lat' dir='ltr'><strong>barbariem</strong></span> <span class='ocrx_word' id='word_1_162' title='bbox 704 2093 786 2140; x_wconf 89' lang='lat' dir='ltr'><strong>ruam</strong></span> <span class='ocrx_word' id='word_1_163' title='bbox 809 2077 922 2158; x_wconf 89' lang='lat' dir='ltr'><strong>optime</strong></span> <span class='ocrx_word' id='word_1_164' title='bbox 943 2075 1153 2158; x_wconf 71' lang='lat' dir='ltr'><strong>comprobare:</strong></span> <span class='ocrx_word' id='word_1_165' title='bbox 1172 2077 1245 2137; x_wconf 84' lang='lat' dir='ltr'><strong>Nam</strong></span> <span class='ocrx_word' id='word_1_166' title='bbox 1260 2091 1297 2157; x_wconf 86' lang='lat' dir='ltr'><strong>qut</strong></span> <span class='ocrx_word' id='word_1_167' title='bbox 1328 2140 1345 2154; x_wconf 35' lang='grc' dir='ltr'>Η</span> 
     </span>
     <span class='ocr_line' id='line_1_20' title="bbox 351 2149 1345 2240; baseline -0.006 -23"><span class='ocrx_word' id='word_1_168' title='bbox 351 2155 391 2217; x_wconf 83' lang='lat' dir='ltr'><strong>ad</strong></span> <span class='ocrx_word' id='word_1_169' title='bbox 411 2155 546 2216; x_wconf 88' lang='lat' dir='ltr'><strong>barbaros</strong></span> <span class='ocrx_word' id='word_1_170' title='bbox 575 2155 729 2233; x_wconf 84' lang='lat' dir='ltr'><strong>scribunt,</strong></span> <span class='ocrx_word' id='word_1_171' title='bbox 758 2178 859 2220; x_wconf 90' lang='lat' dir='ltr'><strong>eorum</strong></span> <span class='ocrx_word' id='word_1_172' title='bbox 887 2157 990 2240; x_wconf 85' lang='lat' dir='ltr'><strong>lingua</strong></span> <span class='ocrx_word' id='word_1_173' title='bbox 1012 2156 1058 2218; x_wconf 89' lang='lat' dir='ltr'><strong>uti</strong></span> <span class='ocrx_word' id='word_1_174' title='bbox 1081 2156 1176 2218; x_wconf 88' lang='lat' dir='ltr'><strong>solent</strong></span> <span class='ocrx_word' id='word_1_175' title='bbox 1193 2149 1212 2232; x_wconf 55' lang='lat'><strong>‚⁸</strong></span> <span class='ocrx_word' id='word_1_176' title='bbox 1228 2152 1297 2216; x_wconf 83' lang='lat' dir='ltr'><strong>utrb</strong></span> <span class='ocrx_word' id='word_1_177' title='bbox 1327 2162 1345 2235; x_wconf 66' lang='lat'><strong>¹⁵}</strong></span> 
     </span>
    </p>

    <p class='ocr_par' dir='ltr' id='par_1_6' title="bbox 349 2218 1345 2376">
     <span class='ocr_line' id='line_1_21' title="bbox 349 2218 1345 2376; baseline 0 -79"><span class='ocrx_word' id='word_1_178' title='bbox 349 2237 394 2297; x_wconf 88' lang='lat' dir='ltr'><strong>eis</strong></span> <span class='ocrx_word' id='word_1_179' title='bbox 425 2235 654 2376; x_wconf 66' lang='lat' dir='ltr'><strong>intellipantut.</strong></span> <span class='ocrx_word' id='word_1_180' title='bbox 690 2237 744 2298; x_wconf 90' lang='lat' dir='ltr'><strong>Sed</strong></span> <span class='ocrx_word' id='word_1_181' title='bbox 773 2237 978 2328; x_wconf 82' lang='lat' dir='ltr'><strong>gravissimum</strong></span> <span class='ocrx_word' id='word_1_182' title='bbox 1008 2236 1172 2299; x_wconf 72' lang='lat' dir='ltr'><strong>Ausiorem</strong></span> <span class='ocrx_word' id='word_1_183' title='bbox 1198 2235 1298 2306; x_wconf 82' lang='lat' dir='ltr'><strong>habeo,</strong></span> <span class='ocrx_word' id='word_1_184' title='bbox 1327 2218 1345 2312; x_wconf 42' lang='lat' dir='ltr'>fl</span> 
     </span>
    </p>
   </div>
   <div class='ocr_carea' id='block_1_4' title="bbox 350 2313 1345 3926">
    <p class='ocr_par' dir='ltr' id='par_1_7' title="bbox 350 2313 1345 3926">
     <span class='ocr_line' id='line_1_22' title="bbox 376 2313 1345 2398; baseline 0.005 -23"><span class='ocrx_word' id='word_1_185' title='bbox 376 2336 441 2376; x_wconf 89' lang='lat' dir='ltr'><strong>uem</strong></span> <span class='ocrx_word' id='word_1_186' title='bbox 464 2315 591 2378; x_wconf 87' lang='lat' dir='ltr'><strong>refelere</strong></span> <span class='ocrx_word' id='word_1_187' title='bbox 611 2338 672 2378; x_wconf 92' lang='lat' dir='ltr'><strong>non</strong></span> <span class='ocrx_word' id='word_1_188' title='bbox 692 2334 830 2398; x_wconf 81' lang='lat' dir='ltr'><strong>potens3</strong></span> <span class='ocrx_word' id='word_1_189' title='bbox 857 2339 924 2379; x_wconf 90' lang='lat' dir='ltr'><strong>cum</strong></span> <span class='ocrx_word' id='word_1_190' title='bbox 975 2319 1025 2380; x_wconf 89' lang='lat' dir='ltr'><strong>uia</strong></span> <span class='ocrx_word' id='word_1_191' title='bbox 1067 2313 1298 2380; x_wconf 78' lang='lat' dir='ltr'><strong>robatiffimusest</strong></span> <span class='ocrx_word' id='word_1_192' title='bbox 1327 2338 1345 2380; x_wconf 65' lang='lat'><strong>&#39;2</strong></span> 
     </span>
     <span class='ocr_line' id='line_1_23' title="bbox 352 2338 1345 2480; baseline 0.001 -25"><span class='ocrx_word' id='word_1_193' title='bbox 352 2431 355 2435; x_wconf 34' lang='lat'><strong>²</strong></span> <span class='ocrx_word' id='word_1_194' title='bbox 386 2396 493 2472; x_wconf 66' lang='lat' dir='ltr'><strong>usim,</strong></span> <span class='ocrx_word' id='word_1_195' title='bbox 514 2412 579 2458; x_wconf 90' lang='lat' dir='ltr'><strong>tum</strong></span> <span class='ocrx_word' id='word_1_196' title='bbox 594 2399 668 2480; x_wconf 90' lang='lat' dir='ltr'><strong>quia</strong></span> <span class='ocrx_word' id='word_1_197' title='bbox 684 2419 703 2458; x_wconf 88' lang='lat' dir='ltr'><strong>a</strong></span> <span class='ocrx_word' id='word_1_198' title='bbox 720 2415 748 2460; x_wconf 93' lang='lat' dir='ltr'><strong>te</strong></span> <span class='ocrx_word' id='word_1_199' title='bbox 773 2398 805 2459; x_wconf 91' lang='lat' dir='ltr'><strong>in</strong></span> <span class='ocrx_word' id='word_1_200' title='bbox 827 2398 900 2459; x_wconf 87' lang='lat' dir='ltr'><strong>hanc</strong></span> <span class='ocrx_word' id='word_1_201' title='bbox 921 2338 1013 2479; x_wconf 66' lang='lat' dir='ltr'><strong>spiam</strong></span> <span class='ocrx_word' id='word_1_202' title='bbox 1035 2394 1299 2479; x_wconf 83' lang='lat' dir='ltr'><strong>¹isputartionemesi</strong></span> <span class='ocrx_word' id='word_1_203' title='bbox 1340 2466 1345 2473; x_wconf 26' lang='lat'><strong>⁴</strong></span> 
     </span>
     <span class='ocr_line' id='line_1_24' title="bbox 352 2476 1300 2560; baseline 0.001 -24"><span class='ocrx_word' id='word_1_204' title='bbox 352 2476 483 2557; x_wconf 81' lang='lat' dir='ltr'><strong>apposite</strong></span> <span class='ocrx_word' id='word_1_205' title='bbox 504 2477 637 2554; x_wconf 80' lang='lat' dir='ltr'><strong>citatus,</strong></span> <span class='ocrx_word' id='word_1_206' title='bbox 656 2479 711 2560; x_wconf 89' lang='lat' dir='ltr'><strong>qui</strong></span> <span class='ocrx_word' id='word_1_207' title='bbox 732 2477 787 2539; x_wconf 90' lang='lat' dir='ltr'><strong>tibi</strong></span> <span class='ocrx_word' id='word_1_208' title='bbox 809 2479 895 2539; x_wconf 84' lang='lat' dir='ltr'><strong>iibere</strong></span> <span class='ocrx_word' id='word_1_209' title='bbox 911 2496 1032 2560; x_wconf 17' lang='lat' dir='ltr'><strong>,ratque</strong></span> <span class='ocrx_word' id='word_1_210' title='bbox 1052 2478 1188 2540; x_wconf 88' lang='lat' dir='ltr'><strong>absolute</strong></span> <span class='ocrx_word' id='word_1_211' title='bbox 1206 2476 1300 2559; x_wconf 84' lang='lat' dir='ltr'><strong>respon·</strong></span> 
     </span>
     <span class='ocr_line' id='line_1_25' title="bbox 353 2554 1300 2640; baseline 0 -25"><span class='ocrx_word' id='word_1_212' title='bbox 353 2555 440 2616; x_wconf 84' lang='lat' dir='ltr'><strong>deat.</strong></span> <span class='ocrx_word' id='word_1_213' title='bbox 462 2556 492 2616; x_wconf 84' lang='lat' dir='ltr'><strong>ls</strong></span> <span class='ocrx_word' id='word_1_214' title='bbox 513 2575 611 2618; x_wconf 89' lang='lat' dir='ltr'><strong>autem</strong></span> <span class='ocrx_word' id='word_1_215' title='bbox 634 2557 673 2618; x_wconf 89' lang='lat' dir='ltr'><strong>est</strong></span> <span class='ocrx_word' id='word_1_216' title='bbox 693 2559 922 2633; x_wconf 83' lang='lat' dir='ltr'><strong>Quintilianus,</strong></span> <span class='ocrx_word' id='word_1_217' title='bbox 941 2579 1033 2640; x_wconf 90' lang='lat' dir='ltr'><strong>quem</strong></span> <span class='ocrx_word' id='word_1_218' title='bbox 1055 2559 1089 2619; x_wconf 74' lang='grc' dir='ltr'>ἃ</span> <span class='ocrx_word' id='word_1_219' title='bbox 1111 2554 1300 2632; x_wconf 84' lang='lat' dir='ltr'><strong>veritatis‚&amp;</strong></span> 
     </span>
     <span class='ocr_line' id='line_1_26' title="bbox 355 2635 1301 2720; baseline 0 -25"><span class='ocrx_word' id='word_1_220' title='bbox 355 2635 476 2696; x_wconf 88' lang='lat' dir='ltr'><strong>honoris</strong></span> <span class='ocrx_word' id='word_1_221' title='bbox 497 2638 590 2697; x_wconf 84' lang='lat' dir='ltr'><strong>caussa</strong></span> <span class='ocrx_word' id='word_1_222' title='bbox 610 2637 670 2707; x_wconf 85' lang='lat' dir='ltr'><strong>jam</strong></span> <span class='ocrx_word' id='word_1_223' title='bbox 692 2640 795 2717; x_wconf 88' lang='lat' dir='ltr'><strong>saepius</strong></span> <span class='ocrx_word' id='word_1_224' title='bbox 818 2639 954 2713; x_wconf 82' lang='lat' dir='ltr'><strong>adduce,</strong></span> <span class='ocrx_word' id='word_1_225' title='bbox 984 2639 1037 2720; x_wconf 91' lang='lat' dir='ltr'><strong>qui</strong></span> <span class='ocrx_word' id='word_1_226' title='bbox 1058 2659 1166 2700; x_wconf 87' lang='lat' dir='ltr'><strong>vocem</strong></span> <span class='ocrx_word' id='word_1_227' title='bbox 1184 2656 1253 2702; x_wconf 87' lang='lat' dir='ltr'><strong>tuam</strong></span> <span class='ocrx_word' id='word_1_228' title='bbox 1270 2636 1301 2695; x_wconf 81' lang='lat' dir='ltr'><strong>E·</strong></span> 
     </span>
     <span class='ocr_line' id='line_1_27' title="bbox 350 2713 1331 2799; baseline 0.003 -27"><span class='ocrx_word' id='word_1_229' title='bbox 350 2713 466 2791; x_wconf 70' lang='lat' dir='ltr'><strong>flensem</strong></span> <span class='ocrx_word' id='word_1_230' title='bbox 495 2717 635 2777; x_wconf 77' lang='lat' dir='ltr'><strong>Latinam</strong></span> <span class='ocrx_word' id='word_1_231' title='bbox 657 2717 711 2777; x_wconf 82' lang='lat' dir='ltr'><strong>esse</strong></span> <span class='ocrx_word' id='word_1_232' title='bbox 732 2734 893 2798; x_wconf 81' lang='lat' dir='ltr'><strong>pernegat.</strong></span> <span class='ocrx_word' id='word_1_233' title='bbox 924 2720 1037 2779; x_wconf 88' lang='lat' dir='ltr'><strong>Locum</strong></span> <span class='ocrx_word' id='word_1_234' title='bbox 1060 2719 1156 2799; x_wconf 82' lang='lat' dir='ltr'><strong>igitur</strong></span> <span class='ocrx_word' id='word_1_235' title='bbox 1174 2735 1248 2782; x_wconf 86' lang='lat' dir='ltr'><strong>tuum</strong></span> <span class='ocrx_word' id='word_1_236' title='bbox 1267 2733 1301 2776; x_wconf 84' lang='lat' dir='ltr'><strong>te</strong></span> <span class='ocrx_word' id='word_1_237' title='bbox 1329 2738 1331 2745; x_wconf 94' lang='lat'>·</span> 
     </span>
     <span class='ocr_line' id='line_1_28' title="bbox 357 2792 1332 2878; baseline 0.004 -26"><span class='ocrx_word' id='word_1_238' title='bbox 357 2807 449 2873; x_wconf 89' lang='lat' dir='ltr'><strong>pete,</strong></span> <span class='ocrx_word' id='word_1_239' title='bbox 478 2809 569 2875; x_wconf 87' lang='lat' dir='ltr'><strong>atque</strong></span> <span class='ocrx_word' id='word_1_240' title='bbox 589 2796 644 2856; x_wconf 81' lang='lat' dir='ltr'><strong>tibi</strong></span> <span class='ocrx_word' id='word_1_241' title='bbox 665 2797 724 2876; x_wconf 87' lang='lat' dir='ltr'><strong>ipse</strong></span> <span class='ocrx_word' id='word_1_242' title='bbox 743 2818 781 2858; x_wconf 83' lang='lat' dir='ltr'><strong>ex</strong></span> <span class='ocrx_word' id='word_1_243' title='bbox 801 2819 837 2858; x_wconf 89' lang='lat' dir='ltr'><strong>eo</strong></span> <span class='ocrx_word' id='word_1_244' title='bbox 858 2797 1019 2878; x_wconf 86' lang='lat' dir='ltr'><strong>responde.</strong></span> <span class='ocrx_word' id='word_1_245' title='bbox 1047 2803 1175 2875; x_wconf 78' lang='lat' dir='ltr'><strong>Fateor,</strong></span> <span class='ocrx_word' id='word_1_246' title='bbox 1195 2796 1301 2878; x_wconf 85' lang='lat' dir='ltr'><strong>inquit,</strong></span> <span class='ocrx_word' id='word_1_247' title='bbox 1329 2792 1332 2809; x_wconf 90' lang='grc'><strong>’</strong></span> 
     </span>
     <span class='ocr_line' id='line_1_29' title="bbox 353 2873 1333 2960; baseline 0.007 -27"><span class='ocrx_word' id='word_1_248' title='bbox 353 2873 572 2954; x_wconf 76' lang='lat' dir='ltr'><strong>uniuscujusque</strong></span> <span class='ocrx_word' id='word_1_249' title='bbox 599 2898 693 2936; x_wconf 80' lang='lat' dir='ltr'><strong>nomen</strong></span> <span class='ocrx_word' id='word_1_250' title='bbox 713 2879 754 2937; x_wconf 85' lang='lat' dir='ltr'><strong>ad</strong></span> <span class='ocrx_word' id='word_1_251' title='bbox 774 2878 931 2938; x_wconf 80' lang='lat' dir='ltr'><strong>veluntatis</strong></span> <span class='ocrx_word' id='word_1_252' title='bbox 944 2880 1061 2960; x_wconf 77' lang='lat' dir='ltr'><strong>proprie</strong></span> <span class='ocrx_word' id='word_1_253' title='bbox 1081 2879 1197 2952; x_wconf 73' lang='lat' dir='ltr'><strong>libitren</strong></span> <span class='ocrx_word' id='word_1_254' title='bbox 1221 2873 1302 2955; x_wconf 69' lang='lat' dir='ltr'><strong>impoti</strong></span> <span class='ocrx_word' id='word_1_255' title='bbox 1331 2896 1333 2907; x_wconf 89' lang='lat'>&#39;</span> 
     </span>
     <span class='ocr_line' id='line_1_30' title="bbox 356 2936 1335 3039; baseline 0.003 -25"><span class='ocrx_word' id='word_1_256' title='bbox 356 2975 391 3014; x_wconf 82' lang='lat' dir='ltr'><strong>ex</strong></span> <span class='ocrx_word' id='word_1_257' title='bbox 410 2954 585 3032; x_wconf 47' lang='lat' dir='ltr'><strong>Aristotelia</strong></span> <span class='ocrx_word' id='word_1_258' title='bbox 603 2980 637 3016; x_wconf 86' lang='lat' dir='ltr'><strong>ex</strong></span> <span class='ocrx_word' id='word_1_259' title='bbox 658 2957 788 3017; x_wconf 77' lang='lat' dir='ltr'><strong>Platonis</strong></span> <span class='ocrx_word' id='word_1_260' title='bbox 806 2982 872 3018; x_wconf 81' lang='lat' dir='ltr'><strong>vero</strong></span> <span class='ocrx_word' id='word_1_261' title='bbox 886 2960 1024 3036; x_wconf 82' lang='lat' dir='ltr'><strong>sententia</strong></span> <span class='ocrx_word' id='word_1_262' title='bbox 1044 2960 1133 3039; x_wconf 86' lang='lat' dir='ltr'><strong>secus</strong></span> <span class='ocrx_word' id='word_1_263' title='bbox 1153 2961 1212 3038; x_wconf 75' lang='lat' dir='ltr'><strong>esi.</strong></span> <span class='ocrx_word' id='word_1_264' title='bbox 1229 2955 1303 3019; x_wconf 81' lang='lat' dir='ltr'><strong>Nomi·</strong></span> <span class='ocrx_word' id='word_1_265' title='bbox 1332 2936 1335 2985; x_wconf 42' lang='grc' dir='ltr'>ἱ</span> 
     </span>
     <span class='ocr_line' id='line_1_31' title="bbox 356 3035 1304 3122; baseline 0.005 -28"><span class='ocrx_word' id='word_1_266' title='bbox 356 3035 482 3094; x_wconf 83' lang='lat' dir='ltr'><strong>nandum</strong></span> <span class='ocrx_word' id='word_1_267' title='bbox 500 3056 620 3115; x_wconf 78' lang='lat' dir='ltr'><strong>namque</strong></span> <span class='ocrx_word' id='word_1_268' title='bbox 637 3037 677 3114; x_wconf 69' lang='lat' dir='ltr'><strong>ej}</strong></span> <span class='ocrx_word' id='word_1_269' title='bbox 697 3058 731 3096; x_wconf 85' lang='lat' dir='ltr'><strong>ea</strong></span> <span class='ocrx_word' id='word_1_270' title='bbox 751 3041 873 3116; x_wconf 82' lang='lat' dir='ltr'><strong>rarione,</strong></span> <span class='ocrx_word' id='word_1_271' title='bbox 897 3062 954 3120; x_wconf 83' lang='lat' dir='ltr'><strong>qua</strong></span> <span class='ocrx_word' id='word_1_272' title='bbox 973 3062 1063 3100; x_wconf 82' lang='lat' dir='ltr'><strong>rerum</strong></span> <span class='ocrx_word' id='word_1_273' title='bbox 1082 3041 1209 3122; x_wconf 72' lang='lat' dir='ltr'><strong>ipsarum</strong></span> <span class='ocrx_word' id='word_1_274' title='bbox 1226 3052 1304 3098; x_wconf 76' lang='lat' dir='ltr'><strong>natm</strong></span> 
     </span>
     <span class='ocr_line' id='line_1_32' title="bbox 354 3115 1306 3201; baseline 0.001 -26"><span class='ocrx_word' id='word_1_275' title='bbox 354 3115 511 3192; x_wconf 80' lang='lat' dir='ltr'><strong>nominare,</strong></span> <span class='ocrx_word' id='word_1_276' title='bbox 533 3137 567 3173; x_wconf 82' lang='lat' dir='ltr'><strong>ac</strong></span> <span class='ocrx_word' id='word_1_277' title='bbox 586 3119 722 3178; x_wconf 80' lang='lat' dir='ltr'><strong>nominari</strong></span> <span class='ocrx_word' id='word_1_278' title='bbox 738 3119 886 3200; x_wconf 55' lang='lat' dir='ltr'><strong>postulem</strong></span> <span class='ocrx_word' id='word_1_279' title='bbox 914 3143 968 3180; x_wconf 87' lang='lat' dir='ltr'><strong>non</strong></span> <span class='ocrx_word' id='word_1_280' title='bbox 987 3140 1081 3180; x_wconf 83' lang='lat' dir='ltr'><strong>autem</strong></span> <span class='ocrx_word' id='word_1_281' title='bbox 1096 3116 1254 3201; x_wconf 60' lang='lat' dir='ltr'><strong>pro&#39;noflre</strong></span> <span class='ocrx_word' id='word_1_282' title='bbox 1269 3135 1306 3176; x_wconf 74' lang='lat' dir='ltr'><strong>vt</strong></span> 
     </span>
     <span class='ocr_line' id='line_1_33' title="bbox 357 3195 1307 3283; baseline 0.004 -27"><span class='ocrx_word' id='word_1_283' title='bbox 357 3195 480 3256; x_wconf 80' lang='lat' dir='ltr'><strong>luntatis</strong></span> <span class='ocrx_word' id='word_1_284' title='bbox 497 3195 634 3272; x_wconf 82' lang='lat' dir='ltr'><strong>arbitrio,</strong></span> <span class='ocrx_word' id='word_1_285' title='bbox 660 3220 724 3260; x_wconf 81' lang='lat' dir='ltr'><strong>cum</strong></span> <span class='ocrx_word' id='word_1_286' title='bbox 746 3201 885 3260; x_wconf 86' lang='lat' dir='ltr'><strong>nominum</strong></span> <span class='ocrx_word' id='word_1_287' title='bbox 905 3201 1089 3283; x_wconf 81' lang='lat' dir='ltr'><strong>intelligentia</strong></span> <span class='ocrx_word' id='word_1_288' title='bbox 1108 3198 1190 3262; x_wconf 83' lang='lat' dir='ltr'><strong>baud</strong></span> <span class='ocrx_word' id='word_1_289' title='bbox 1209 3220 1245 3260; x_wconf 84' lang='lat' dir='ltr'><strong>ret</strong></span> <span class='ocrx_word' id='word_1_290' title='bbox 1278 3214 1307 3254; x_wconf 83' lang='lat' dir='ltr'><strong>n·</strong></span> 
     </span>
     <span class='ocr_line' id='line_1_34' title="bbox 354 3213 1308 3361; baseline 0.015 -27"><span class='ocrx_word' id='word_1_291' title='bbox 354 3297 400 3334; x_wconf 79' lang='lat' dir='ltr'><strong>va</strong></span> <span class='ocrx_word' id='word_1_292' title='bbox 429 3294 468 3335; x_wconf 85' lang='lat' dir='ltr'><strong>rr.</strong></span> <span class='ocrx_word' id='word_1_293' title='bbox 492 3280 557 3339; x_wconf 86' lang='lat' dir='ltr'><strong>Haec</strong></span> <span class='ocrx_word' id='word_1_294' title='bbox 577 3278 661 3336; x_wconf 80' lang='lat' dir='ltr'><strong>Plato</strong></span> <span class='ocrx_word' id='word_1_295' title='bbox 669 3278 742 3339; x_wconf 59' lang='lat' dir='ltr'><strong>a&amp;</strong></span> <span class='ocrx_word' id='word_1_296' title='bbox 762 3280 876 3359; x_wconf 84' lang='lat' dir='ltr'><strong>quidem</strong></span> <span class='ocrx_word' id='word_1_297' title='bbox 897 3281 1014 3341; x_wconf 83' lang='lat' dir='ltr'><strong>Platone</strong></span> <span class='ocrx_word' id='word_1_298' title='bbox 1034 3283 1151 3361; x_wconf 64' lang='lat' dir='ltr'><strong>digna.</strong></span> <span class='ocrx_word' id='word_1_299' title='bbox 1176 3280 1231 3343; x_wconf 81' lang='lat' dir='ltr'><strong>Sed</strong></span> <span class='ocrx_word' id='word_1_300' title='bbox 1251 3213 1308 3348; x_wconf 53' lang='lat' dir='ltr'><strong>scr</strong></span> 
     </span>
     <span class='ocr_line' id='line_1_35' title="bbox 358 3356 1308 3443; baseline 0.006 -30"><span class='ocrx_word' id='word_1_301' title='bbox 358 3371 389 3414; x_wconf 89' lang='lat' dir='ltr'><strong>te</strong></span> <span class='ocrx_word' id='word_1_302' title='bbox 411 3356 524 3437; x_wconf 78' lang='lat' dir='ltr'><strong>queso,</strong></span> <span class='ocrx_word' id='word_1_303' title='bbox 546 3357 693 3437; x_wconf 84' lang='lat' dir='ltr'><strong>primurn,</strong></span> <span class='ocrx_word' id='word_1_304' title='bbox 717 3358 905 3436; x_wconf 70' lang='lat' dir='ltr'><strong>misnense,</strong></span> <span class='ocrx_word' id='word_1_305' title='bbox 928 3362 1062 3437; x_wconf 52' lang='lat' dir='ltr'><strong>donula,</strong></span> <span class='ocrx_word' id='word_1_306' title='bbox 1084 3359 1308 3443; x_wconf 86' lang='lat' dir='ltr'><strong>argutule‚blat·</strong></span> 
     </span>
     <span class='ocr_line' id='line_1_36' title="bbox 360 3434 1308 3524; baseline 0.013 -33"><span class='ocrx_word' id='word_1_307' title='bbox 360 3434 446 3510; x_wconf 89' lang='lat' dir='ltr'><strong>dule‚</strong></span> <span class='ocrx_word' id='word_1_308' title='bbox 467 3435 529 3524; x_wconf 80' lang='lat' dir='ltr'><strong>dic,</strong></span> <span class='ocrx_word' id='word_1_309' title='bbox 549 3437 683 3512; x_wconf 88' lang='lat' dir='ltr'><strong>amabo,</strong></span> <span class='ocrx_word' id='word_1_310' title='bbox 704 3437 789 3500; x_wconf 84' lang='lat' dir='ltr'><strong>senex</strong></span> <span class='ocrx_word' id='word_1_311' title='bbox 808 3441 1105 3522; x_wconf 55' lang='lat' dir='ltr'><strong>amabilissimefflec</strong></span> <span class='ocrx_word' id='word_1_312' title='bbox 1128 3459 1159 3504; x_wconf 89' lang='lat' dir='ltr'><strong>te</strong></span> <span class='ocrx_word' id='word_1_313' title='bbox 1179 3443 1274 3524; x_wconf 79' lang='lat' dir='ltr'><strong>pigeat</strong></span> <span class='ocrx_word' id='word_1_314' title='bbox 1289 3456 1308 3496; x_wconf 77' lang='lat'><strong>11·</strong></span> 
     </span>
     <span class='ocr_line' id='line_1_37' title="bbox 360 3515 1309 3605; baseline 0.019 -33"><span class='ocrx_word' id='word_1_315' title='bbox 360 3530 431 3572; x_wconf 82' lang='lat' dir='ltr'><strong>nam</strong></span> <span class='ocrx_word' id='word_1_316' title='bbox 450 3515 578 3577; x_wconf 79' lang='lat' dir='ltr'><strong>alienam</strong></span> <span class='ocrx_word' id='word_1_317' title='bbox 602 3533 718 3579; x_wconf 87' lang='lat' dir='ltr'><strong>tantum</strong></span> <span class='ocrx_word' id='word_1_318' title='bbox 738 3519 873 3601; x_wconf 85' lang='lat' dir='ltr'><strong>plumam</strong></span> <span class='ocrx_word' id='word_1_319' title='bbox 895 3521 1004 3582; x_wconf 83' lang='lat' dir='ltr'><strong>hocin</strong></span> <span class='ocrx_word' id='word_1_320' title='bbox 1029 3523 1097 3584; x_wconf 84' lang='lat' dir='ltr'><strong>ioco</strong></span> <span class='ocrx_word' id='word_1_321' title='bbox 1119 3523 1263 3605; x_wconf 86' lang='lat' dir='ltr'><strong>deponere</strong></span> <span class='ocrx_word' id='word_1_322' title='bbox 1278 3536 1309 3590; x_wconf 79' lang='lat'><strong>3²</strong></span> 
     </span>
     <span class='ocr_line' id='line_1_38' title="bbox 360 3593 1308 3682; baseline 0.007 -29"><span class='ocrx_word' id='word_1_323' title='bbox 360 3613 422 3682; x_wconf 79' lang='lat' dir='ltr'><strong>qun</strong></span> <span class='ocrx_word' id='word_1_324' title='bbox 443 3593 611 3658; x_wconf 86' lang='lat' dir='ltr'><strong>admonitus</strong></span> <span class='ocrx_word' id='word_1_325' title='bbox 621 3618 650 3658; x_wconf 90' lang='lat' dir='ltr'><strong>es</strong></span> <span class='ocrx_word' id='word_1_326' title='bbox 666 3599 839 3672; x_wconf 85' lang='lat' dir='ltr'><strong>,Platonem</strong></span> <span class='ocrx_word' id='word_1_327' title='bbox 849 3600 885 3661; x_wconf 91' lang='lat' dir='ltr'><strong>ab</strong></span> <span class='ocrx_word' id='word_1_328' title='bbox 894 3602 1048 3664; x_wconf 80' lang='lat' dir='ltr'><strong>Aristotele</strong></span> <span class='ocrx_word' id='word_1_329' title='bbox 1069 3603 1100 3664; x_wconf 88' lang='lat' dir='ltr'><strong>in</strong></span> <span class='ocrx_word' id='word_1_330' title='bbox 1124 3604 1256 3666; x_wconf 87' lang='lat' dir='ltr'><strong>nominis</strong></span> <span class='ocrx_word' id='word_1_331' title='bbox 1264 3617 1308 3660; x_wconf 76' lang='lat' dir='ltr'><strong>ne</strong></span> 
     </span>
     <span class='ocr_line' id='line_1_39' title="bbox 364 3675 1308 3765; baseline 0.006 -31"><span class='ocrx_word' id='word_1_332' title='bbox 364 3689 476 3763; x_wconf 74' lang='lat' dir='ltr'><strong>tatione</strong></span> <span class='ocrx_word' id='word_1_333' title='bbox 501 3675 668 3740; x_wconf 84' lang='lat' dir='ltr'><strong>dissentire?</strong></span> <span class='ocrx_word' id='word_1_334' title='bbox 700 3682 782 3741; x_wconf 86' lang='lat' dir='ltr'><strong>Nam</strong></span> <span class='ocrx_word' id='word_1_335' title='bbox 811 3682 844 3742; x_wconf 87' lang='lat' dir='ltr'><strong>in</strong></span> <span class='ocrx_word' id='word_1_336' title='bbox 866 3683 975 3745; x_wconf 82' lang='lat' dir='ltr'><strong>caretis</strong></span> <span class='ocrx_word' id='word_1_337' title='bbox 992 3684 1140 3765; x_wconf 84' lang='lat' dir='ltr'><strong>exemplis</strong></span> <span class='ocrx_word' id='word_1_338' title='bbox 1170 3699 1230 3747; x_wconf 82' lang='lat' dir='ltr'><strong>tuae</strong></span> <span class='ocrx_word' id='word_1_339' title='bbox 1249 3681 1308 3744; x_wconf 79' lang='lat' dir='ltr'><strong>istius</strong></span> 
     </span>
     <span class='ocr_line' id='line_1_40' title="bbox 362 3751 1306 3847; baseline 0.011 -34"><span class='ocrx_word' id='word_1_340' title='bbox 362 3751 500 3843; x_wconf 72' lang='lat' dir='ltr'><strong>Eprstolae</strong></span> <span class='ocrx_word' id='word_1_341' title='bbox 523 3774 574 3819; x_wconf 88' lang='lat' dir='ltr'><strong>tua</strong></span> <span class='ocrx_word' id='word_1_342' title='bbox 586 3779 683 3847; x_wconf 81' lang='lat' dir='ltr'><strong>¹manu</strong></span> <span class='ocrx_word' id='word_1_343' title='bbox 712 3760 874 3843; x_wconf 87' lang='lat' dir='ltr'><strong>perscriptis</strong></span> <span class='ocrx_word' id='word_1_344' title='bbox 903 3763 1004 3824; x_wconf 88' lang='lat' dir='ltr'><strong>ambos</strong></span> <span class='ocrx_word' id='word_1_345' title='bbox 1033 3766 1151 3846; x_wconf 88' lang='lat' dir='ltr'><strong>optime</strong></span> <span class='ocrx_word' id='word_1_346' title='bbox 1171 3761 1306 3828; x_wconf 81' lang='lat' dir='ltr'><strong>convenire</strong></span> 
     </span>
     <span class='ocr_line' id='line_1_41' title="bbox 363 3831 1307 3926; baseline 0.017 -30"><span class='ocrx_word' id='word_1_347' title='bbox 363 3831 513 3898; x_wconf 81' lang='lat' dir='ltr'><strong>faciebas.</strong></span> <span class='ocrx_word' id='word_1_348' title='bbox 533 3838 614 3914; x_wconf 75' lang='lat' dir='ltr'><strong>Quid</strong></span> <span class='ocrx_word' id='word_1_349' title='bbox 634 3856 710 3917; x_wconf 80' lang='lat' dir='ltr'><strong>taces</strong></span> <span class='ocrx_word' id='word_1_350' title='bbox 727 3840 740 3903; x_wconf 73' lang='grc' dir='ltr'><strong><em>ἒ</em></strong></span> <span class='ocrx_word' id='word_1_351' title='bbox 761 3843 835 3906; x_wconf 86' lang='lat' dir='ltr'><strong>Non</strong></span> <span class='ocrx_word' id='word_1_352' title='bbox 856 3841 954 3908; x_wconf 85' lang='lat' dir='ltr'><strong>sedulo</strong></span> <span class='ocrx_word' id='word_1_353' title='bbox 974 3843 1057 3926; x_wconf 84' lang='lat' dir='ltr'><strong>agis,</strong></span> <span class='ocrx_word' id='word_1_354' title='bbox 1078 3845 1228 3910; x_wconf 79' lang='lat' dir='ltr'><strong>Sarduse.</strong></span> <span class='ocrx_word' id='word_1_355' title='bbox 1249 3836 1307 3918; x_wconf 62' lang='lat' dir='ltr'><strong>Quis</strong></span> 
     </span>
    </p>
   </div>
   <div class='ocr_carea' id='block_1_5' title="bbox 1201 3944 1284 3990">
    <p class='ocr_par' dir='ltr' id='par_1_8' title="bbox 1201 3944 1284 3990">
     <span class='ocr_line' id='line_1_42' title="bbox 1201 3944 1284 3990; baseline -0.072 0"><span class='ocrx_word' id='word_1_356' title='bbox 1201 3960 1205 3968; x_wconf 95' lang='grc'><strong><em>·</em></strong></span> <span class='ocrx_word' id='word_1_357' title='bbox 1223 3944 1284 3990; x_wconf 67' lang='lat' dir='ltr'><strong>VCsO</strong></span> 
     </span>
    </p>
   </div>
   <div class='ocr_carea' id='block_1_6' title="bbox 0 0 1522 4559">
    <p class='ocr_par' dir='ltr' id='par_1_9' title="bbox 0 0 1522 4559">
     <span class='ocr_line' id='line_1_43' title="bbox 0 0 1522 4559; baseline 0 0"><span class='ocrx_word' id='word_1_358' title='bbox 0 0 1522 4559; x_wconf 95' lang='lat' dir='ltr'><strong> </strong></span> 
     </span>
    </p>
   </div>
  </div>
 </body>
</html>
