3000 4559
321 468 363 531 ‘88
548 464 796 522 BARTHOL.
825 465 989 523 RICCH

283 548 307 608 ri
330 568 406 610 anno
435 562 574 624 magnam
606 543 716 603 cladem
747 542 821 622 apud
843 544 979 606 Melitam
1005 542 1135 605 Insulam
1158 565 1241 608 ano-

217 639 219 642 ‘
283 628 344 690 stris
366 623 531 704 accepisset,
552 639 647 705 atque,
669 623 688 682 fi
709 621 745 682 ab
766 625 801 683 iis
823 623 910 702 paulo
930 623 1063 684 fidentius
1086 625 1183 687 aslum
1204 627 1240 686 es-

284 708 349 783 set,
380 725 446 768 cum
469 703 605 765 universrs
626 702 716 782 copiis
738 701 851 762 classem
874 703 934 764 CL.
957 703 1148 778 triremium,
1178 705 1240 766 toti·

282 788 347 849 dem
369 785 491 847 navium
512 782 596 852 cuius
614 803 647 842 ue
667 782 778 861 generis
801 799 967 844 caeterarum
988 782 1147 856 amisisset,
1167 801 1239 846 ratus

278 869 335 930 hoc
358 864 445 927 modo
467 883 529 923 eam
552 803 639 942 prdlae
660 861 758 923 ulcisci
778 861 876 940 posse,
897 862 917 923 sr
939 863 994 923 hoc
1017 862 1148 944 sequenti
1168 885 1238 926 anno

280 964 377 1009 tantas
400 944 496 1023 copias
520 942 550 1001 in
571 941 721 1001 Pannones
742 942 899 1015 armasset,
920 963 952 1002 ac
973 942 1049 1023 quod
1073 945 1235 1022 ignominia

279 1023 516 1089 aMelitensrbus
538 1019 703 1101 accepisset,
726 1019 756 1079 id
777 1021 808 1080 in
833 1022 1004 1094 Pannonum
1027 1021 1234 1084 calamitatibus

278 1105 466 1176 vindicallet,
488 1103 518 1161 in
539 1101 614 1161 hanc
637 1115 751 1162 tantam
773 1099 842 1161 belli
865 1100 973 1160 molem
997 1119 1114 1164 exaret.
1138 1102 1232 1178 Certe,

278 1204 367 1265 quarn
390 1183 511 1252 objicere
531 1180 639 1260 possit,
669 1179 751 1240 nulla
779 1201 795 1241 a
824 1179 925 1240 nostris
946 1179 1087 1242 laceffitus
1108 1182 1148 1242 ell
1168 1183 1233 1252 inju-

277 1264 346 1339 ria,
376 1263 429 1323 nist
449 1261 478 1322 id
502 1262 611 1331 injuriae
634 1261 699 1321 loco
721 1259 836 1334 ducat,
866 1261 944 1340 quod
966 1261 1054 1323 nostri
1078 1263 1231 1324 universam

276 1344 355 1418 ejus,
376 1362 409 1403 ac
429 1340 501 1402 bene
523 1360 660 1421 magnam
684 1338 797 1401 classem
815 1339 850 1400 ad
868 1340 1005 1400 Melitam
1026 1339 1162 1421 aufugere
1177 1362 1232 1431 per·

279 1421 436 1497 miserint,
465 1437 516 1483 aut
545 1420 616 1502 quia
645 1419 813 1480 Melitenses
836 1420 863 1480 se
884 1419 912 1480 se
932 1421 995 1500 capi
1026 1441 1086 1480 non
1108 1420 1250 1494 slverlnt,'

279 1523 372 1584 neque
403 1501 462 1572 ejus
492 1499 605 1563 savitiae
641 1499 717 1561 cruci
749 1499 923 1580 suffigendos
945 1499 1130 1560 dediderint.
1157 1500 1229 1561 Utfi

277 1582 348 1667 quid
369 1581 400 1642 in
420 1580 555 1643 omnibus
578 1579 660 1641 rebus
681 1580 777 1641 caussae
799 1580 949 1654 honestas,
971 1601 1003 1641 ac
1025 1579 1102 1640 ratio
1123 1580 1226 1655 valeat,

275 1661 359 1726 vobis
381 1662 412 1724 in
435 1661 489 1722 hoc
510 1659 613 1734 bello,
643 1659 721 1745 quod
751 1659 833 1721 nulla
853 1661 944 1724 vestra
964 1660 1059 1731 caussa
1078 1656 1227 1734 conflatur,

275 1741 324 1802 sed
345 1757 461 1802 tantum
485 1739 572 1802 hostis
602 1738 658 1801 srve
688 1740 836 1813 avaritia,
864 1739 922 1800 fi've
943 1738 1100 1827 superbia,
1129 1738 1225 1808 suein

274 1819 370 1880 Deum
392 1820 520 1879 nostrum
542 1817 618 1881 rabie
639 1815 785 1892 insertur,
826 1819 966 1881 lurimurn
990 1816 1224 1905 sperandumsi12

272 1898 355 1960 Nam
377 1897 397 1958 sr
418 1900 495 1959 Deus
516 1898 682 1959 innocentes
704 1897 791 1958 adver
805 1919 836 1959 us
867 1899 1001 1983 impios,
1031 1916 1120 1980 atque
1141 1898 1224 1963 omnis

274 1977 384 2059 sceleris
406 1976 504 2039 affines
528 1977 602 2039 tueri
623 1975 712 2051 solet,
735 1998 827 2058 neque
845 1978 886 2040 sui
903 1974 1225 2061 contemptum,‘atque

275 2057 444 2139 probrosam
465 2055 601 2125 iniuriam
625 2058 676 2118 diu
698 2056 823 2135 inultam
845 2056 950 2120 auferri
972 2059 1144 2139 permittit,
1161 2074 1225 2119 utras

274 2136 333 2227 <ple
354 2136 391 2199 de
411 2136 520 2210 caussa,
544 2137 598 2197 hoc
620 2139 677 2212 est,
698 2136 729 2197 ἃ
750 2136 843 2198 vestra
861 2139 1044 2210 innocentia,
1067 2138 1099 2199 ἃ
1119 2138 1222 2201 Deire

273 2237 299 2278 rt
322 2217 353 2277 in
375 2217 454 2279 suam
475 2215 663 2297 Religionem
686 2216 797 2278 auxilio
813 2217 922 2280 hostem
943 2218 1068 2292 vicistis,
1090 2233 1175 2299 atque
1189 2215 1222 2277 su·

269 2295 375 2358 distis.
406 2298 475 2358 Hac
496 2317 565 2361 vero
586 2296 676 2370 sunt,
705 2316 769 2378 quac
791 2297 826 2358 ad
847 2299 969 2360 caussam
991 2298 1144 2378 speslant.
1169 2297 1220 2368 Jaut

269 2376 306 2438 de
336 2397 440 2458 genere
468 2375 537 2453 belli
565 2376 720 2437 dicendum
743 2374 807 2436 est.
836 2377 901 2442 Hoc
930 2377 1048 2462 quidem
1071 2378 1219 2438 maximum

267 2455 325 2532 est,
345 2457 530 2536 maximeque
551 2455 759 2535 periculosum.
780 2457 880 2530 Nam,
894 2458 965 2540 ¹quae
989 2457 1065 2518 inter
1087 2478 1139 2518 vos
1159 2456 1218 2517 olim
1264 2504 1266 2513 ,

267 2556 377 2616 magno
397 2557 463 2605 cum
486 2534 580 2597 vestro
601 2534 800 2610 detrimento,
822 2552 910 2618 atque
929 2537 1045 2599 summo
1066 2558 1132 2600 cum
1152 2535 1218 2596 dede

269 2635 334 2676 core
355 2615 385 2676 in
407 2614 524 2688 Gallia,
546 2615 576 2674 in
600 2616 776 2688 Germania,
797 2615 828 2675 in
843 2615 932 2678 Italia
952 2615 1053 2699 saepius
1073 2617 1147 2698 gella
1162 2616 1216 2676 sunt

271 2693 364 2767 bella,
386 2714 419 2754 ea
440 2693 559 2774 quidem
580 2693 702 2753 minime
723 2713 832 2772 parva,
854 2717 947 2777 neque
964 2697 1022 2757 fine
1043 2697 1152 2765 summa
1166 2714 1217 2755 cru·

270 2771 415 2846 delirate,
443 2787 477 2832 ut
505 2792 568 2853 quae
597 2771 763 2833 Christiano
794 2775 930 2856 utrinque
963 2775 1102 2857 sanguine
1122 2776 1216 2855 semper

267 2850 457 2924 exundarint,
479 2870 535 2929 pra
557 2853 612 2913 hoc
634 2871 693 2920 uno
712 2851 878 2928 levissima,
902 2871 989 2937 atque
1006 2855 1160 2926 mitissima
1175 2873 1215 2934 pu·
1265 2875 1266 2902 1

265 2950 354 3012 gnae,
382 2951 414 2991 ac
436 2929 515 3012 quast
536 2930 700 3011 praeliorum
723 2931 894 2995 simulachra
915 2936 1007 2996 videri
1028 2935 1143 3017 possunt
1158 2980 1165 2994 .
1183 2931 1214 2993 Si·
1264 2952 1267 2988 1

201 3032 205 3040 ·
267 3009 386 3094 quidem
408 3011 438 3071 in
461 3009 515 3071 hoc
536 3032 602 3073 eum
625 3009 735 3073 hostem
754 3011 882 3088 habetis,
903 3016 956 3097 qui
972 3017 1123 3096 potentia,
1143 3029 1214 3097 atque
1264 3031 1267 3040 ’

269 3091 352 3153 omni
372 3090 477 3151 bellico
497 3092 637 3172 apparatu
658 3109 774 3153 caeteros
797 3094 914 3173 Reges,
939 3095 1104 3175 Principes,
1126 3115 1157 3155 ac
1265 3140 1266 3146 κ

268 3172 354 3253 pulos
371 3185 462 3245 terra,
484 3171 614 3254 marique
630 3171 719 3253 longe
735 3171 867 3252 superam
885 3175 936 3255 qui
953 3175 1066 3255 equites
1086 3173 1123 3235 ad
1141 3173 1165 3233 C
1187 3167 1212 3232 s)
1265 3171 1266 3174 ’

265 3251 386 3326 millia,
407 3250 518 3333 pedites
537 3251 596 3335 fine
618 3271 737 3323 numero
756 3273 818 3314 uno
840 3269 955 3317 tantum
978 3255 1110 3327 nuntio,
1139 3267 1211 3332 atque
1265 3329 1266 3332 Ἴ

267 3350 327 3396 una
346 3330 496 3407 literarum
517 3330 724 3415 significatione
744 3353 778 3393 ex
800 3330 855 3394 suis
878 3333 988 3413 Regnis
1016 3334 1048 3394 in
1069 3334 1159 3393 aciem
1177 3349 1210 3391 co
1264 3377 1266 3382 .

268 3408 329 3490 git.
351 3409 382 3470 Si
399 3430 468 3473 vero
484 3415 609 3474 rosmari
618 3411 742 3493 gerenda
759 3411 810 3485 srt,
831 3412 943 3474 classem
964 3412 1026 3472 CC.
1044 3412 1211 3479 triremium,
1264 3452 1266 3463 .

269 3488 393 3555 navium
422 3507 555 3572 praterea
578 3491 839 3573 'innuytnerabilium
869 3492 964 3553 educit
992 3493 1106 3573 optime
1126 3487 1213 3573 iullru3
1263 3508 1267 3544 r

270 3567 378 3649 flam,
406 3587 494 3652 atque
524 3589 716 3635 exornatam.
744 3570 887 3632 sfirarium
918 3593 1016 3649 vero,
1048 3569 1128 3654 quod
1157 3563 1212 3628 bellt
1263 3578 1267 3623 t

267 3667 393 3710 nervum
415 3649 592 3791 appellant}
614 3670 702 3732 quam
724 3650 819 3731 Reges
839 3653 932 3725 caeteri
953 3652 1047 3714 fimul'
1064 3672 1146 3724 una,
1172 3663 1213 3708 au«

267 3747 303 3790 ro
323 3727 419 3790 multo
439 3729 525 3792 habet
545 3752 573 3791 re
587 3733 674 3805 errius
692 3776 699 3791 .
728 3728 799 3797 Huc
821 3730 954 3806 accedit,
975 3732 1053 3812 quod
1077 3731 1111 3792 in
1130 3748 1159 3789 re
1167 3743 1210 3873 per
1262 3806 1264 3811 Ι

264 3807 357 3877 rende
375 3809 573 3894 principatum
594 3825 696 3890 tenet,
723 3809 775 3893 qui
804 3806 891 3899 ,solus-
908 3810 947 3893 est
968 3810 1000 3875 in
1022 3809 1165 3874 deliberari
1182 3825 1211 3880 o,
1261 3826 1267 3864 :

154 3908 313 4072 ἢ,
1049 3957 1053 3967 ,
1095 3905 1179 3970 atque

508 4063 517 4097 l
