3000 4559
275 541 358 604 tionis
376 540 541 614 conclufiont
561 561 636 600 omne
651 538 802 615 studium,
823 539 901 598 vires
920 560 1008 598 omnes
1023 562 1052 599 eo
1073 543 1190 619 consent,
1205 560 1238 604 nt

275 623 427 697 Patriam,
457 625 579 701 Remqae
593 615 741 699 publicam
768 618 858 699 ipsam
879 619 995 682 inducat
1013 621 1053 680 'ad
1072 622 1192 701 caroffam
1211 647 1238 684 o·

274 724 364 762 mnem
383 701 464 765 cedis
483 702 514 767 in
536 699 570 779 se
589 697 773 778 recipiendam
793 743 804 775 ,
831 695 994 778 vocibusque
1006 697 1070 776 suis
1085 704 1241 781 equiffimos

265 781 384 863 Judices
405 805 432 841 ro
450 781 562 857 andos,
591 797 623 839 nt
644 778 751 838 Miloni
771 778 934 857 ignoscant,
963 797 1047 857 atque
1073 801 1107 840 ex
1119 783 1172 858 suo
1191 786 1238 864 sn·

274 858 349 924 tlicio
369 805 451 943 quai
464 859 678 945 triumphantem
700 860 740 919 ad
752 860 821 939 sats
843 859 916 920 lares
934 860 1076 922 emittant.

481 1021 522 1089 11,
542 1019 651 1083 Oratio
674 1019 706 1086 in
727 1018 866 1084 Archiam
888 1003 1028 1084 poetam.

330 1182 401 1242 Icati
420 1181 577 1242 Orationem
592 1197 643 1262 pro
662 1180 795 1255 Milone,
818 1182 861 1241 ita
881 1177 950 1244 bam
970 1181 1001 1241 ia
1022 1176 1154 1244 Archiam
1171 1185 1238 1244 Por·

340 1263 446 1330 tamad
454 1261 644 1338 ostendendam
653 1259 798 1342 Discipulo
798 1259 852 1339 sao
860 1261 995 1326 imitandi
1005 1262 1125 1338 sormam
1139 1285 1159 1321 a
1172 1287 1236 1325 con-

268 1340 352 1399 trario
372 1339 587 1404 Bartholomaem
607 1340 717 1403 Riccins
736 1340 867 1418 conficit.
888 1344 963 1400 Cam
981 1341 1054 1403 enim
1073 1343 1104 1400 in
1113 1340 1235 1418 scribere·

268 1416 306 1476 clo
328 1417 364 1479 ab
382 1419 564 1497 adolescentia
580 1420 682 1501 slylant
695 1420 782 1501 suum
802 1436 961 1495 exerceret,
988 1419 1072 1498 idque
1092 1423 1171 1482 varie
1185 1424 1236 1500 sic·

269 1515 361 1574 teret,
382 1518 433 1558 aar
453 1523 486 1560 ex
509 1501 647 1580 Hetruscis
660 1500 804 1580 scriptis,
833 1522 893 1579 que
915 1500 1005 1576 tnagis
1024 1497 1079 1578 ipſs
1089 1499 1236 1581 probaren-

267 1592 337 1652 tur,
360 1579 390 1640 in
409 1581 543 1641 Latinam
565 1581 766 1657 transferendo,
787 1597 946 1640 aratrorum
962 1579 1078 1658 persona.
1089 1579 1235 1660 suscepta,

266 1657 371 1735 quibus
391 1661 483 1723 cicero
496 1658 648 1735 scriberet,
669 1662 695 1718 ei
714 1659 899 1740 respondendo
914 1676 994 1732 ,mr
1014 1660 1055 1721 ad
1070 1662 1131 1739 ejas
1150 1659 1235 1742 opstat

266 1737 448 1800 imitationem
477 1740 588 1819 aliquid
608 1740 759 1823 effingenda
780 1783 790 1814 ,
819 1739 975 1802 autetiam
1002 1739 1033 1798 in
1054 1739 1152 1824 caaffir
1172 1764 1235 1801 eum

264 1816 459 1894 defendendo,
508 1842 570 1879 nem
589 1819 646 1901 ipse
673 1818 812 1896 accusaret
833 1863 842 1895 ,
873 1837 924 1880 aar
943 1836 1035 1883 contra
1055 1821 1234 1896 accusando,

265 1914 346 1975 quem
366 1898 423 1980 ipse
442 1843 620 1979 desiaderet,
640 1898 787 1966 diiiionem
800 1898 887 1976 strant
900 1915 1064 1978 occuparet,
1087 1901 1179 1961 animo
1189 1899 1236 1977 se.

266 1997 327 2036 cnm
347 1995 500 2071 repetem,
527 1982 601 2059 quid
622 1978 761 2049 Gracchos
774 2031 778 2039 .
790 1979 928 2058 mensenor
956 1981 987 2040 in
1008 1976 1142 2041 Archiam
1165 1982 1235 2041 Poe·

264 2073 323 2119 tam
341 2058 453 2135 dicere,
473 2078 523 2123 ant
542 2079 636 2124 contra
656 2078 696 2119 tot
712 2059 857 2141 preclaros.
875 2059 952 2121 Viros
969 2101 979 2134 ,
1006 2059 1056 2138 qai
1075 2058 1123 2122 illi
1139 2060 1234 2141 prasio

264 2137 411 2217 adessent,
432 2141 583 2221 excogitare
597 2139 684 2230 posset
705 2182 714 2214 ,
734 2136 908 2218 quamobrem
928 2161 962 2197 ex
983 2139 1109 2198 Civitate
1129 2141 1235 2218 ejicere·

263 2232 335 2291 terr,
354 2220 469 2279 tandem
485 2219 684 2296 accusationem
704 2215 775 2278 hanc
789 2218 864 2293 satir
880 2217 980 2295 josiam
1000 2217 1161 2302 conposuit,
1175 2238 1236 2296 qu

261 2295 409 2374 diligenter
430 2295 525 2372 leiia,
546 2297 585 2359 (Ψ
606 2313 706 2355 attente
726 2297 888 2357 examinata
902 2291 1036 2368 firmioris
1057 2296 1235 2372 accusationis

262 2377 387 2435 maltam
408 2373 504 2435 habere
524 2373 711 2456 judicabitur.
732 2374 817 2434 Ponit
837 2375 911 2433 enim
927 2370 959 2432 ob
974 2370 1064 2435 malm
1101 2375 1233 2452 aditum,

261 2452 395 2515 Archiam
417 2457 530 2515 Poetam
551 2478 585 2517 ex
601 2453 723 2515 omnibus
740 2452 879 2518 Civitatis
898 2455 1026 2516 Romane
1079 2457 1174 2518 eunde
1189 2477 1234 2516 ra·

261 2533 382 2595 tionibus
411 2535 551 2613 exclusum
571 2534 649 2674 epm
670 2534 811 2614 oslendit,
839 2555 888 2596 cnr
906 2554 926 2592 a
939 2533 1003 2611 sair
1024 2536 1124 2596 Gratis
1144 2534 1232 2596 omni·

261 2612 315 2674 bas
335 2616 420 2679 Civis
436 2613 474 2690 fit
494 2615 576 2696 appel
586 2633 651 2676 atus
670 2636 683 2690 ,·
704 2637 761 2695 qna
780 2615 884 2676 tattone
903 2635 922 2675 a
941 2612 1086 2691 Lucullo,
1105 2614 1145 2677 O
1165 2616 1232 2676 aliie

256 2693 476 2775 preslantiffimtt
492 2693 620 2758 ‘eivibm
639 2697 726 2755 Civis
745 2693 859 2758 babitus
874 2692 989 2772 stettin
1008 2693 1110 2756 alienas
1129 2695 1161 2756 ia
1180 2696 1231 2758 Ci-

261 2775 381 2834 vitatem
406 2779 561 2838 Romanam
581 2772 669 2838 tribns
689 2775 780 2839 modis
799 2773 905 2855 venisse
930 2773 1118 2852 dermnsltar,
1147 2798 1229 2850 nno,

253 2849 285 2928 fi
303 2854 333 2911 in
353 2851 425 2913 Urbe
443 2877 536 2930 more,
565 2874 648 2935 atque
668 2855 791 2935 inslitmo
812 2853 867 2934 sao
888 2855 1005 2918 Civitas
1024 2856 1132 2926 deterr3
1160 2855 1231 2917 altr-

256 2953 288 2992 ro
303 2973 325 3022 ,Ι
337 2929 366 3004 st
384 2934 585 2995 Foederatorum
613 2934 674 3014 lege
700 2935 824 3015 aliqira,
852 2932 955 3016 quibat
983 2933 1140 3015 adscriptae
1162 2933 1229 3007 stt
1332 2988 1335 2992 Α

259 3028 367 3083 tertio,
392 3008 475 3082 stab
495 3016 652 3092 imperatore
679 3016 709 3077 in
730 3016 849 3077 exercitet
875 3015 913 3076 dc
932 3011 1049 3087 Confilii
1062 3013 1228 3090 sementia,

259 3087 371 3182 &scm
399 3089 504 3150 vittata
524 3091 622 3170 aliqrta
645 3093 784 3172 prasianti
811 3093 876 3172 qais
897 3093 984 3156 Civis.
996 3086 1053 3162 fiet
1067 3133 1082 3164 -,
1111 3112 1227 3169 quornm

254 3187 369 3251 mimo,
398 3169 438 3231 O
453 3168 581 3261 posiremo
603 3191 664 3232 cam
683 3171 800 3233 Archias
828 3171 915 3233 Parta
931 3167 1040 3230 nnllam
1068 3168 1227 3230 Civitatem
1351 3204 1353 3208 ·

257 3247 357 3312 lrabeat
372 3295 382 3326 ,
410 3268 487 3314 tertto
502 3246 628 3331 prestdio
647 3271 709 3312 cnm
722 3247 843 3329 spoliare
861 3291 873 3323 ,
889 3245 941 3310 (θ’
961 3248 1070 3308 nudare
1085 3267 1225 3327 conatur,

257 3348 290 3390 ert
311 3328 485 3410 necessest,
516 3351 577 3388 eam
597 3329 672 3389 omni
691 3327 784 3405 caussa
812 3326 930 3401 cadere,
958 3327 1174 3390 &Civitatem
1194 3354 1221 3389 o-

257 3431 346 3469 mnem
366 3412 503 3472 amittere.
533 3413 580 3473 De
598 3410 650 3471 bac
669 3408 799 3469 Oratione
819 3401 969 3482 mentiost.
988 3406 1019 3467 in
1039 3407 1161 3489 Epistola
1181 3414 1220 3474 ad

257 3489 407 3550 ilomrirrm
425 3489 579 3565 Stellam,
608 3512 668 3568 qna
687 3485 802 3548 habetur
830 3485 1046 3563 notificandi
1060 3504 1127 3570 pag.
1153 3511 1224 3569 175.·

258 3564 302 3628 bis
322 3568 437 3631 verbis:
468 3570 563 3631 Mitto
590 3569 645 3632 tibi
674 3584 731 3630 τηε
754 3565 915 3632 Orationes
934 3587 1013 3629 meas
1040 3589 1131 3651 nuper
1159 3571 1220 3632 edi·

259 3663 329 3722 tas,
350 3648 382 3707 in
404 3649 465 3729 iis,
493 3668 584 3732 quam
613 3647 744 3714 dicebam
773 3648 806 3707 in
828 3647 999 3723 Archiam,
1028 3665 1062 3710 ut
1090 3648 1215 3728 videas,

257 3746 316 3810 qua
336 3727 449 3789 ratione
478 3744 513 3793 tu
532 3748 674 3811 quoque,
703 3725 815 3810 siquid
839 3727 898 3788 tale
925 3727 1070 3810 aggrelius
1099 3727 1234 3802 fueris„

257 3805 453 3896 pertristes,
514 3850 517 3855 -
1113 3881 1160 3943 HI
1217 3856 1229 3881 .,
1310 3878 1312 3880 ,

795 3868 937 3965 ξ4”
