3000 4559
524 482 989 548 brennensis.
1157 497 1193 566 51

270 554 383 629 fadum
402 560 572 642 damnabit,
587 564 698 629 nullam
720 565 960 646 provocationem
981 561 1108 634 objiciet.
1130 565 1167 631 ln
1184 564 1236 635 Te

269 642 363 707 stelas
382 644 566 709 commissum
586 649 643 710 est.
662 649 765 708 Tuum
780 645 819 706 est
836 646 866 707 id
882 661 942 707 tam
959 643 1120 725 ignoscere,
1138 667 1232 731 quam

267 723 362 787 etiarn
384 724 553 787 vindicare.
582 726 638 788 Sed
657 726 760 789 Tuum
781 741 876 788 tamen
896 725 936 786 est
956 723 1076 805 magis,
1092 724 1236 806 ¹clemen·

267 798 378 865 tissime
398 805 552 887 Princeps,
573 806 739 891 ignoscere,
758 824 848 888 quarn
869 803 1039 869 vindicare.
1067 802 1119 867 Sin
1139 822 1168 867 m
1208 808 1235 870 is

265 894 395 959 tomen,
426 884 563 967 Princeps
590 886 728 966 optime,
757 884 950 948 meritisfimas
968 902 1074 967 poenas
1093 882 1129 947 de
1149 820 1238 949 ndiis

264 960 382 1027 sumere
400 961 514 1039 libeat,
542 966 563 1029 sr
583 967 680 1056 magis
699 968 742 1037 jus
764 965 857 1046 ipsum
879 964 1031 1051 sequaris,
1058 982 1110 1025 eas.
1128 962 1165 1027 de
1184 981 1235 1028 me

265 1040 339 1103 Tibi
361 1041 472 1105 sumere
493 1042 610 1119 libeat,
638 1046 668 1109 sd
689 1047 720 1107 in
740 1064 789 1109 me
809 1064 965 1121 exerceas,
983 1042 1094 1129 nquius
1112 1041 1171 1105 est,
1189 1042 1239 1104 Si·

263 1120 389 1261 2uidem
419 1142 521 1187 omnes
550 1126 642 1205 Leges
663 1123 792 1203 iubent,
820 1141 855 1188 ut
873 1128 954 1199 cujus
977 1123 1070 1188 caussa
1090 1121 1236 1187 desisium

293 1200 377 1269 stum
399 1201 457 1278 sit,
475 1203 499 1264 ls
520 1222 607 1287 penas
627 1203 702 1280 det,
723 1225 758 1267 ae
776 1207 812 1269 de
830 1226 866 1268 eo
886 1205 1060 1293 supplicium
1082 1201 1235 1267 sumatur.

263 1278 346 1354 Me,
360 1299 409 1342 me
428 1282 534 1358 tollas,
555 1282 709 1369 aquisbme
729 1286 883 1365 Princeps,
903 1303 984 1354 cuius
1005 1282 1099 1347 caussa
1119 1282 1150 1343 in
1171 1280 1235 1345 hae

262 1358 373 1420 scelera
393 1360 564 1427 devenero
584 1407 593 1438 ,
614 1362 648 1425 de
667 1364 770 1441 cade,
797 1382 979 1448 quamquam
998 1361 1024 1423 is
1042 1359 1161 1443 quidem
1177 1357 1236 1420 sal·

261 1437 294 1501 so
318 1439 463 1519 impulsus
483 1441 541 1511 est3
562 1462 580 1502 a
600 1463 668 1518 me,
688 1444 830 1527 inquam,
851 1440 1044 1503 meririffimas
1066 1435 1149 1501 hasce
1170 1456 1236 1517 por·

260 1536 318 1579 uas
344 1516 448 1582 sume.
468 1520 540 1596 Me,
558 1540 605 1583 me
626 1520 738 1585 sontem
758 1525 862 1598 tollas,
885 1521 982 1583 Fratri
1003 1519 1124 1590 misero,
1145 1530 1236 1604 atque

260 1595 420 1658 innocenti
443 1597 556 1679 ignosce
574 1644 583 1662 .
609 1601 716 1675 Mihi,
738 1603 813 1664 mibi
835 1603 955 1664 securim
976 1599 1061 1661 illam
1082 1597 1123 1657 im
1145 1615 1176 1656 m
1198 1614 1237 1671 e,

260 1692 357 1758 atque
379 1676 411 1739 in
432 1677 508 1743 hanc
526 1681 666 1744 cervicem
688 1680 771 1744 illam
791 1681 891 1743 cadere
905 1681 990 1754 jube.
1010 1675 1097 1754 Quod
1149 1694 1167 1734 a
1213 1692 1234 1736 e

261 1774 326 1816 non
346 1754 490 1834 obtineo,
519 1781 539 1823 a
565 1780 614 1825 me
641 1761 672 1825 id
693 1776 770 1827 certe
788 1761 975 1844 impetrabo,
1002 1776 1068 1841 qua
1086 1755 1233 1844 continuo

262 1832 399 1897 Fratrem
419 1835 445 1898 se
467 1859 535 1916 uat,
557 1860 592 1903 ac
607 1860 697 1923 quam
718 1842 746 1905 ei
767 1841 862 1906 lucem
876 1841 917 1903 eri
939 1859 1028 1913 uero,
1046 1855 1112 1899 eam
1134 1832 1230 1914 ipsam

262 1924 335 1977 sum
358 1934 394 1979 eo
413 1858 533 1997 soient,
553 1941 589 1982 ac
608 1920 700 1983 libens
720 1861 989 2007 relinquamilec
1009 1915 1144 1980 srtecum
1161 1933 1231 1993 age-

263 2006 331 2055 rent
345 2036 356 2067 ,
372 1986 539 2079 Princeps,
563 2001 626 2061 dua
654 2001 857 2065 honestiffimae
876 2001 1030 2078 Feminae,
1056 1996 1107 2076 qui
1128 2010 1232 2053 earum

262 2068 370 2167 fletus?
389 2076 446 2166 qui·
461 2077 579 2170 preces?
599 2079 651 2161 qui
670 2079 886 2161 deprecationes
903 2098 1006 2140 omnes
1025 2073 1097 2136 serre
1119 2066 1231 2150 posses?

264 2166 318 2245 pur
338 2173 398 2214 non
419 2174 467 2235 pre
487 2178 518 2217 in
538 2157 859 2220 eas'commovereris?
887 2158 939 2238 qui
968 2176 1029 2217 non
1048 2166 1166 2213 centum
1186 2163 1232 2209 et·

261 2248 324 2292 rum
346 2234 443 2295 multo
459 2235 651 2299 sceleratiores
671 2238 803 2311 Fratres,
824 2235 969 2317 Virosque
985 2235 1027 2294 eis
1042 2222 1232 2312 concederes?

261 2311 348 2386 Quin
368 2312 459 2372 etiam
479 2313 500 2375 sr
522 2316 589 2393 quis
609 2334 688 2376 nunc
700 2330 801 2376 earum
821 2314 909 2375 slatus
926 2313 979 2385 srt,
997 2311 1029 2371 in
1046 2320 1176 2394 mentem
1193 2318 1233 2393 5¹7

260 2382 290 2451 bi
313 2390 443 2461 veniat,
470 2412 505 2453 ae
525 2394 653 2457 Uxorem
674 2412 741 2455 cum
763 2392 819 2454 suis
840 2392 908 2455 siliis
928 2384 1111 2453 infelicissimi
1129 2399 1230 2445 mariti

258 2468 380 2542 nsum,
402 2470 599 2536 calamitatem
616 2473 713 2550 suam,
730 2471 859 2553 liliorum
874 2471 1027 2533 orbitatem
1044 2478 1233 2549 querentem,

259 2544 398 2611 sororem
421 2566 519 2614 autem
543 2554 631 2636 usque
650 2574 687 2616 eo
707 2553 808 2615 dolore
834 2551 1053 2625 insanientem,
1081 2561 1115 2636 ¹¹?
1135 2543 1163 2607 se
1182 2561 1232 2603 δῦ·

260 2627 368 2703 mset,
395 2631 474 2711 quod
496 2652 639 2697 venenum
668 2656 688 2698 a
716 2634 818 2696 Fratre
840 2632 889 2695 nbi
910 2630 1027 2694 millum
1087 2640 1143 2688 tius
1164 2641 1230 2713 nors

261 2703 408 2797 hauserit,
419 2709 489 2849 ,iest
507 2715 586 2776 enim
606 2715 855 2799 Soror,Princeps
866 2712 880 2797 J
891 2732 980 2796 quam
997 2711 1028 2771 in
1071 2726 1126 2771 anc
1141 2699 1227 2792 {mss-

262 2804 337 2847 nam
360 2789 417 2848 inci
439 2808 514 2852 eret:
537 2811 691 2878 utramque
713 2811 811 2856 autem
835 2795 943 2858 trrslem
964 2792 1042 2853 hune
1062 2800 1225 2874 nuruum,

264 2862 465 2955 lirnestamque
486 2871 560 2932 hanc
582 2874 703 2938 securim
723 2875 827 2935 misere
845 2872 1073 2955 experiantemv
1098 2862 1171 2952 Τὼ
1191 2882 1226 2924 ¹¹¹

263 2962 365 3007 ammo
387 2966 590 3029 proponeres,
618 2954 789 3015 clementius
810 2953 898 3015 etiam
921 2963 1169 3032 commoveretis,
1191 2959 1227 3000 ac

264 3020 417 3085 absentum
437 3028 525 3088 etiam
547 3031 607 3091 sola
626 3032 679 3092 illa
704 3052 738 3092 co
762 3033 884 3093 itatione
905 3050 964 3090 non
986 3045 1088 3107 parum
1109 3023 1227 3079 misere·

264 3100 361 3163 retis?
382 3106 456 3180 Qua
478 3108 579 3169 omnia
601 3109 713 3168 tuatibi
742 3110 853 3169 elicitas
868 3109 995 3170 ademit.
1013 3107 1095 3164 Nam
1117 3116 1156 3157 ne
1179 3095 1225 3155 ἥδ

262 3180 416 3258 adessent,
437 3186 552 3247 crudele
573 3186 627 3247 hoc
650 3186 870 3266 speslaculum,
892 3186 977 3255 huius
998 3180 1122 3251 scelera,
1143 3174 1226 3264 milla

262 3260 441 3343 impetrandi
462 3265 478 3324 s
493 3285 522 3326 es
542 3265 722 3327 esi'ecerunt:
751 3286 791 3326 ne
817 3282 850 3326 tu
871 3262 999 3324 absentes
1021 3258 1225 3344 recordareris,

264 3356 317 3401 tua
339 3343 432 3403 animi
453 3284 603 3417 aiiitudo,
625 3364 689 3428 quae
708 3344 807 3425 suapte
828 3343 940 3404 virtute
959 3339 1093 3421 regitur,
1122 3333 1222 3423 Pf⁰h,¹·

262 3415 346 3480 buit:
368 3420 456 3501 idqu'e
476 3444 510 3484 eo
530 3423 639 3485 sasium
661 3424 717 3498 esi,
739 3444 776 3485 ne
794 3423 922 3504 aliquem
943 3437 999 3482 tuae
1021 3435 1107 3482 tanta
1122 3418 1221 3500 gloflae

258 3499 433 3581 participem
454 3502 589 3579 haberes,
610 3524 648 3564 ne
669 3504 803 3567 inillam
824 3519 906 3565 tuam
928 3499 1151 3563 misericordiam
1166 3493 1223 3554 lese

262 3578 422 3659 quicquam
444 3581 613 3645 insinuaret.
641 3586 757 3660 Quare,
778 3584 912 3661 Princeps
932 3581 1130 3673 ampliffimes
1151 3594 1221 3638 Cum

261 3671 315 3718 tua
331 3673 396 3720 tota
412 3659 446 3720 srt
462 3661 519 3722 hac
536 3662 648 3741 gloria,
668 3684 735 3724 cum
752 3663 881 3723 nihileis
899 3680 933 3722 ea
947 3681 1083 3746 cuiquam
1101 3655 1220 3724 debeass

262 3734 404 3816 siquidem
433 3739 508 3799 nihil
530 3742 578 3815 ii,
606 3743 658 3825 qui
687 3743 790 3804 adsunt
818 3741 903 3810 hujus
930 3741 1114 3834 propinqui,
1140 3735 1217 3796 nihil

263 3815 411 3894 absentes,
429 3819 506 3880 nihil
525 3821 627 3896 amici,
650 3822 726 3883 nihil
742 3822 857 3903 patroni
873 3820 908 3881 de
923 3842 957 3885 ea
971 3823 1026 3887 tibi
1043 3823 1218 3894 decerpunts

344 3934 347 3939 .
823 3904 853 3962 D
892 3919 910 3961 2
1109 3914 1179 3975 pt&-
