3000 4559
457 468 508 533 -ο
527 468 557 533 κ
573 448 901 535 sonions-rr
1084 480 1129 554 a,

199 545 311 618 bidine'
333 549 544 630 uiolabantut,
571 552 735 616 aut-etiam
765 550 883 615 nefariis
911 550 1025 643 ignibus
1056 553 1172 619 inuam

171 677 175 689 f
206 635 362 697 mabantur
379 655 389 706 3
408 633 523 708 Curia,
543 653 607 715 qua
627 631 666 694 ab
683 631 740 696 hoc
761 633 834 695 vivo
853 631 1084 713 opprimebatur,
1100 655 1170 699 cum

207 712 319 776 mortui
340 713 430 776 etiam
452 712 591 777 cadavere
614 727 678 776 tota
698 728 882 775 concremata
901 710 967 787 eil,
988 713 1073 783 hujus
1093 735 1171 778 mor·

199 796 245 858 tis
265 792 369 858 laetiti'a
396 791 497 876 gestire
517 793 669 857 videntur.
699 794 806 874 Neque
831 791 1015 874 Capitolium
1036 795 1098 856 Arx
1118 795 1172 858 hu·

199 873 282 948 jusce
309 872 396 936 Urbis
424 871 601 935 nobilissima
629 872 690 935 ulla
709 893 851 955 umquam
878 892 924 949 eit¹
937 872 1000 935 ullo
1021 873 1172 955 triumpho

205 961 292 1017 tauta
311 953 465 1034 voluptate
485 949 598 1035 perfusa
617 953 683 1030 est,
703 967 815 1035 quanta
834 972 912 1016 nunc
934 972 969 1014 ex
983 952 1066 1016 istius
1087 952 1174 1015 scele-

204 1053 263 1109 re,
285 1048 372 1115 atque
392 1032 512 1095 libidine
531 1031 655 1095 Milonis
677 1032 791 1114 inclyta
809 1032 919 1097 virtute
938 1031 1035 1111 deleta
1054 1075 1064 1108 ,
1084 1049 1175 1116 atque

200 1113 337 1177 extinto
367 1113 554 1194 triumphat3
583 1110 771 1194 Magistratus
791 1111 859 1176 deni
882 1133 943 1190 ue,
964 1111 1174 1190 Praesesiuras,

206 1193 336 1285 Regna,
358 1213 422 1285 quae
444 1192 561 1273 posthac
582 1213 641 1254 non
660 1193 832 1268 venierint,
860 1122 907 1255 ico
928 1193 1034 1277 cuique
1052 1213 1106 1285 pro
1122 1191 1173 1258 ‚dis

199 1314 203 1321 -
229 1288 322 1335 nitate
343 1272 573 1346 distribuentur,
594 1273 645 1335 uni
661 1272 786 1335 Milonis
807 1272 900 1334 animi
916 1270 1175 1337 altitudinr.attt’a'·

204 1293 354 1415 inondum
386 1352 438 1414 elle
459 1351 610 1413 &omnes
630 1351 758 1430 vident,
787 1352 818 1414 δι
837 1350 1066 1422 coniunsiislrme
1085 1349 1176 1415 confi·

204 1447 320 1494 rentur.
341 1430 381 1492 Et
403 1431 471 1494 huic
491 1431 631 1506 homini,
671 1431 707 1508 ui
722 1446 840 1494 tantum
863 1432 1013 1512 populum,
1026 1430 1178 1494 conserva·

202 1512 276 1586 -rit,
296 1510 350 1592 qui
370 1526 441 1586 tot,
462 1531 496 1572 ac
517 1526 600 1573 tanta
620 1451 724 1573 sciiera
744 1511 825 1573 ultus
845 1511 904 1586 sit,
924 1531 983 1572 non
1001 1509 1090 1573 modo
1111 1509 1179 1576 nula

207 1591 255 1652 los
276 1590 400 1652 honores
421 1590 590 1672 impertietis
607 1631 618 1665 ,
638 1611 742 1653 vetum
765 1591 854 1652 etiam
874 1590 909 1653 de
925 1590 1108 1652 absolutione
1123 1589 1177 1653 tlu'·

208 1667 361 1731 bitabitisl
390 1670 426 1733 Id
445 1669 524 1811 quod
554 1668 675 1732 erilo
695 1668 860 1746 fateretur,
889 1670 939 1734 sua
968 1669 1055 1761 ipfius
1084 1668 1183 1733 sunta*

191 1746 329 1825 .‘fecisse,
350 1770 383 1811 ac
404 1749 436 1813 in
468 1770 484 1811 e
505 1746 683 1812 defendendo
702 1749 843 1813 Clodium
864 1749 1056 1825 interfecisse,
1086 1767 1118 1812 at
1140 1769 1178 1813 ue

206 1827 321 1899 ineius
342 1845 437 1892 morte
458 1831 518 1892 haec
541 1846 623 1891 tanta
644 1830 801 1893 commoda
816 1828 902 1957 Resp.
918 1830 1072 1894 consecuta
1090 1851 1106 1892 e
1127 1843 1179 1906 et,
1273 1864 1279 1875 ,

208 1927 306 1969 nonne
326 1929 361 1972 ea
380 1909 506 1991 gratiam
526 1908 658 1992 aliquam
678 1910 724 1972 illi
745 1909 876 1974 haberet.
904 1910 983 1973 Cum
998 1930 1069 1974 vero
1085 1909 1177 1985 sciat,

205 2007 226 2048 a
246 1986 274 2048 se
293 2008 411 2050 omnem
434 1989 518 2051 cadis
532 1989 655 2052 caussam
675 2006 774 2053 ortam
796 1989 865 2067 esse,
881 1991 913 2052 u
933 1991 1012 2052 Milo
1032 1987 1178 2064 fateatur,

208 2065 237 2128 se
258 2088 317 2130 nou
337 2068 431 2130 solum
454 2069 538 2148 Reip.
560 2068 680 2144 caussa,
708 2069 756 2131 sed
778 2071 884 2150 Remp.
904 2070 997 2159 ipsam
1024 2068 1181 2132 defenden-

205 2163 272 2220 tem
290 2145 430 2211 Clodium
452 2145 600 2223 occidisse,
617 2149 641 2210 is
665 2164 752 2212 tanta
769 2148 862 2209 animi
878 2148 1042 2215 altitudinis
1060 2149 1181 2210 nullum

206 2224 247 2287 ab
268 2226 321 2288 hac
343 2227 542 2288 testimonium
563 2224 726 2289 obtinebit?
750 2227 867 2288 nullum
888 2240 978 2291 tante
998 2226 1120 2287 virtutis
1137 2227 1183 2286 in·

204 2305 293 2388 ligne
314 2304 444 2383 auferet?
467 2325 500 2367 ac
523 2303 617 2366 sulum
641 2304 754 2385 gloria,
773 2325 808 2365 ac
829 2324 865 2364 eo
886 2304 1026 2379 nomine,
1047 2304 1126 2386 quod
1147 2304 1182 2367 ia

203 2405 260 2451 ore
280 2384 413 2446 omnium
434 2381 568 2465 gentium
592 2382 716 2466 gloriose
737 2382 884 2458 versatur,
905 2380 984 2465 quod
1004 2382 1090 2455 hujus
1169 2440 1173 2449 .

206 2464 332 2604 {ipuupn
352 2462 392 2525 est
407 2502 417 2540 ,
435 2460 574 2548 quodque
601 2462 675 2545 eripi
698 2460 784 2526 nullo
804 2461 891 2545 pallo
910 2461 1029 2545 potest,
1056 2462 1100 2525 cel
1136 2481 1183 2527 rav

234 2563 242 2604 1
260 2563 307 2604 ur.
1172 2558 1177 2601 :·

250 2622 305 2685 Sed
333 2623 401 2687 satis
423 2623 587 2698 hasienus,
616 2621 752 2701 Judices,
772 2624 808 2688 de
827 2624 949 2701 caussa,
969 2641 1058 2708 atque
1087 2625 1180 2687 etiam

208 2703 345 2786 quadam
364 2719 446 2767 extra
473 2703 611 2767 caussam.
640 2706 730 2769 Nunc
750 2704 862 2783 restat,
891 2723 924 2768 ut
944 2705 1044 2796 paucis
1066 2723 1180 2786 peroro.

211 2799 280 2847 ture
297 2783 388 2860 Duo,
412 2783 550 2861 Iudices,
571 2783 604 2846 in
624 2784 679 2848 bac-
697 2784 792 2848 causl'a
813 2783 876 2866 [ut
896 2784 1035 2866 vidistis]
1058 2800 1179 2849 tautum

210 2861 361 2924 versantur
377 2882 387 2934 3
407 2863 533 2927 Milonis
551 2863 719 2945 perillustris
739 2865 851 2946 gloria,
872 2866 957 2946 Reip.
978 2862 1072 2927 causa
1086 2882 1181 2946 quam

210 2939 431 3019 bonellillima,
453 2963 507 3025 pro
525 2959 651 3025 quatum
672 2943 769 3006 utrius
786 2964 821 3006 ue
841 2945 986 3026 dignitate
1005 2943 1027 3004 fi
1047 2959 1183 3022 agatur,

211 3019 292 3084 nibil
312 3016 376 3111 est,
395 3021 501 3102 quod,
522 3039 556 3111 ut
577 3023 609 3082 iu
628 3024 740 3113 cateris-
759 2964 985 3098 defensoribus,
1006 3020 1164 3100 expelleris

213 3098 1184 3270 ppqpirlcppppupupqubpqidmepnppsppqdqqpppcpmaqqueNpeqrfflqpris

213 3259 313 3342 glorrae
333 3257 516 3341 splendorem
537 3271 668 3333 attinet,
688 3279 722 3321 ea
743 3275 807 3321 tota
826 3260 854 3320 se
875 3272 1014 3321 contenta
1043 3257 1094 3319 elle
1115 3272 1184 3351 pot·-

208 3338 253 3401 'etl
267 3383 277 3417 ,
293 3354 342 3405 ,ut
360 3357 426 3421 quae
445 3337 507 3401 sola
526 3357 586 3401 uua
604 3336 715 3401 virtute
734 3338 876 3429 nitatur,
898 3353 986 3419 atque
1005 3337 1038 3400 in
1060 3335 1185 3479 splendi-

214 3417 253 3481 de
269 3417 383 3502 agendo
410 3416 610 3502 conquiescat.
639 3416 752 3480 Verum
774 3417 844 3480 huic
863 3436 981 3500 quoque
1008 3417 1062 3482 illu
1103 3437 1182 3482 acce·

162 3514 167 3555 :
214 3497 292 3589 dit,
319 3497 398 3580 quod
418 3514 452 3562 ut
473 3495 626 3588 praesentes
643 3495 902 3595 splendidissrmpun
923 3497 987 3567 hoc¹
1000 3494 1113 3561 sallum-
1130 3496 1183 3590 ad3

162 3680 168 3709 ,
211 3594 449 3720 sanantis
471 3576 670 3750 tritula
684 3576 1184 3751 instaurantis

162 3754 164 3763 ·
213 3734 375 3827 tuebuntur
391 3752 610 3828 ,larquetomnt
629 3757 775 3803 memoria
794 3738 906 3820 septum
927 3736 1113 3812 custodient,
1133 3731 1185 3822 sed

162 3839 165 3853 ·
211 3831 311 3882 auam
327 3831 447 3902 epotus
464 3817 600 3885 uerunt
620 3863 635 3901 ,
659 3818 774 3904 quoties
796 3815 1071 3904 ‚Rebuspub‚,‚opus
1093 3827 1185 3952 εἶπα

1237 3976 1285 4058 Δ
