3000 4559
297 473 357 542 228
595 458 889 538 INDEX

732 632 760 695 F
1054 623 1058 630 .

263 760 433 945 FAbricii
452 792 557 887 bonitas
576 816 639 876 erga
658 789 794 875 Pyrrhum
812 791 985 901 Epirotarum
1002 756 1108 872 Rigem
1128 787 1218 872 bostem

338 883 536 941 Romanorum.
1181 877 1219 950 64

263 956 377 1023 Fabula
396 962 433 1023 de
452 957 550 1039 AEsopi
569 952 658 1030 astus.
1269 962 1270 969 ’

264 1039 430 1116 Facilitas,
460 1038 499 1101 (J
518 1035 676 1099 humanitas
696 1033 726 1097 in
746 1033 852 1096 bunius
872 1032 999 1097 omuibus
1027 1032 1163 1133 laudibus
1178 1030 1222 1092 tol·

268 1117 496 1276 fiiliirii&
511 1194 682 1258 humanitate
698 1194 735 1256 ab
751 1193 860 1257 homine
869 1193 1013 1274 fieblata,
1036 1195 1062 1255 is
1071 1130 1222 1277 popeaiii

309 1279 363 1340 dus
378 1276 416 1340 ab
431 1277 506 1339 omni
521 1278 623 1353 laude,
644 1275 683 1338 (Ψ
697 1275 927 1340 commendatione
940 1275 1124 1355 relinquitur.
1163 1266 1223 1330 ibid.

269 1362 304 1421 Ia
311 1358 483 1498 [militate.
513 1355 738 1420 &humanitate
757 1355 910 1439 gravitatis
925 1354 1060 1438 splendor
1079 1349 1224 1495 medii:

270 1461 378 1586 Falitii
398 1518 559 1596 Hieronymi
579 1519 683 1599 Opera.
1190 1526 1220 1588 31
1269 1502 1270 1543 3

272 1602 347 1661 tntu
363 1597 560 1690 Euonymiton
578 1597 747 1674 Fuluium,
775 1595 816 1658 Θ
830 1593 963 1658 Archiam
990 1596 1111 1697 Paetum
1130 1605 1223 1670 compo·

273 1694 401 1819 Farliiiiis
420 1757 602 1836 Hieronymus
618 1756 680 1835 fuit
702 1779 722 1815 a
736 1755 850 1834 sectetis
873 1754 989 1818 Herculi
1010 1800 1021 1833 ,
1041 1761 1078 1820 'aa
1094 1681 1223 1826 Frouct'szc3

313 1834 458 1897 Fratribus
473 1834 653 1917 Principibus
668 1831 796 1913 Atefliis.
1188 1846 1222 1909 30

275 1914 402 1976 Familia
422 1915 560 1976 Ciceronis
579 1931 694 1995 tempore
713 1935 866 1995 numquam
884 1915 1062 1976 denominata
1081 1916 1120 1997 est
1140 1936 1158 1974 a
1175 1914 1225 1974 Po·

316 1993 389 2069 tria,
409 2013 469 2074 que
482 1994 575 2055 eodem
592 1995 700 2056 nomine
715 2017 778 2056 cum
794 2015 828 2054 ea
841 1994 1042 2086 appellaretur.
1177 2014 1224 2073 190

171 2126 172 2130 ,
277 2074 403 2136 Familia
420 2073 580 2155 Principum
597 2073 778 2136 Atestiorum
794 2096 842 2135 cur
858 2092 900 2136 sta
914 2075 1107 2158 appellanda,
1125 2098 1173 2136 mn
1186 2098 1228 2136 au·

316 2173 370 2214 rem
378 2153 558 2229 Estenfium,
577 2154 626 2214 vel
646 2153 864 2219 Atestinotum.
1007 2172 1075 2237 149.
1098 2177 1160 2238 150.
1177 2154 1229 2218 &a

278 2233 406 2297 Familia
425 2234 533 2314 aliquot
553 2232 718 2311 nobiliffsma
736 2235 893 2296 Ferraria:

280 2313 409 2375 Familia
429 2314 537 2393 aliquot
557 2311 721 2392 nobilissima
743 2314 849 2375 ltalia.
884 2373 887 2379 ,
969 2332 971 2337 ·
1135 2336 1179 2396 77.
1197 2314 1231 2394 58

282 2393 410 2455 Familia
433 2415 527 2453 nomen
547 2395 626 2475 apud
646 2397 783 2454 Romanos
811 2395 927 2476 quidam
948 2396 983 2459 id
1000 2395 1053 2478 effe
1072 2397 1233 2469 voluerunt,

323 2473 398 2553 quod
413 2494 460 2532 uos
475 2493 504 2535 co
523 2495 617 2533 nonan
632 2475 765 2535 dicimus.
884 2475 889 2483 '
1189 2492 1233 2553 152

283 2557 313 2616 Α
328 2553 458 2614 Familia
474 2495 631 2628 noiilitate,
640 2584 643 2589 ·
652 2555 692 2616 (9
708 2555 853 2632 Malorum
867 2554 1002 2618 laudibus
1012 2555 1235 2640 pleriqueinlau·

325 2632 428 2692 dandis
445 2633 557 2693 mortuis
574 2633 745 2694 laudationis
760 2636 873 2695 initium
881 2644 1014 2714 sumunt.
1185 2650 1234 2710 103

285 2712 413 2769 Familia
436 2714 487 2770 uni
507 2713 594 2791 plura
617 2713 695 2792 apud
715 2716 852 2773 Romanos
867 2718 982 2794 suerum
1003 2716 1183 2800 cognomina,
1208 2728 1236 2773 ut

298 2830 301 2835 -
326 2788 454 2861 Arvina,
477 2790 591 2868 Coffus,
612 2792 746 2851 Mamula
763 2793 793 2852 in
809 2795 995 2858 Corneliorum
1004 2798 1141 2879 familia.
1188 2813 1237 2869 190

287 2867 338 2928 Ad
352 2866 507 2926 Familiam
523 2889 664 2948 cognomen
680 2868 754 2931 nibil
764 2874 899 2952 pertinet.
1192 2891 1239 2951 15²

286 2949 314 3006 F
314 2945 472 3006 amiliacum
488 2950 675 3010 Romanarum
685 2955 867 3032 prenomina.
1192 2971 1240 3029 149

287 3027 321 3087 lu
344 3025 483 3086 Familias
503 3028 608 3088 alienas
624 3046 675 3109 per
694 3033 864 3111 adoptionem
882 3034 965 3112 asciti
989 3054 1087 3098 earum
1106 3037 1187 3098 etiam
1204 3053 1243 3092 tt-

315 3128 390 3166 ..men
405 3103 549 3184 ferebant,
567 3131 586 3166 a
602 3108 703 3189 quibus
722 3113 931 3192 adoptarentur.
1107 3134 1172 3195 152.
1193 3111 1240 3191 156

290 3185 422 3251 Familiis
438 3184 568 3268 pluribus
586 3190 666 3268 apud
684 3193 823 3252 Romanos
841 3194 996 3274 cognomina
1015 3197 1147 3278 quadam
1160 3214 1245 3256 conve·

330 3263 460 3342 niebant,
480 3271 615 3342 uocato,
637 3267 771 3349 &Pisa
1198 3291 1244 3348 190

293 3345 425 3405 Familiis
444 3343 614 3425 quibusdam
633 3351 776 3428 exeeptis,
804 3374 864 3432 qua
882 3355 1030 3415 terminant
1050 3355 1084 3415 in
1104 3352 1167 3426 ejus
1183 3395 1193 3429 ‚
1210 3372 1247 3410 uo·

334 3445 397 3482 meu
415 3424 543 3484 Familia
563 3428 640 3507 apud
659 3430 777 3491 Latinos
797 3434 827 3492 in
848 3434 893 3497 ius
912 3436 1027 3509 deſsnit.
1200 3447 1245 3509 155

293 3502 508 3592 Faventiam,
529 3506 718 3567 florentinum
735 3552 744 3586 ‚
765 3513 980 3591 flauminum,
1000 3511 1194 3588 Patauinum,
1211 3509 1249 3572 Vt·

335 3597 490 3658 centenum,
511 3582 552 3646 (9·
568 3603 659 3646 catera
674 3589 736 3668 ejus
738 3594 845 3669 generis
851 3595 977 3670 nomina,
996 3595 1037 3656 ad
1052 3594 1184 3655 Patriam
1196 3607 1247 3651 tan·

336 3677 413 3733 tum,
433 3683 487 3720 uon
502 3680 593 3722 autem
608 3667 647 3725 ad
661 3669 814 3729 Familiam
823 3675 977 3750 pertinent.
1202 3686 1245 3745 19¹

295 3739 384 3823 Quod
398 3739 518 3816 feliciter
536 3742 617 3802 alteri
629 3744 785 3824 succedit,
815 3773 867 3812 non
881 3754 989 3834 semper
1014 3760 1106 3839 magis
1125 3761 1187 3844 ejus
1200 3753 1245 3832 fot·

253 3840 256 3844 ·
336 3837 427 3894 tuna,
449 3839 534 3898 quam
553 3821 649 3885 aliena
668 3825 873 3910 imprudentia,
893 3832 1100 3902 attribuendum
1120 3841 1174 3919 esl-
1214 3848 1244 3908 91

348 3948 352 3957 .
392 3936 396 3945 ·
1154 3921 1217 3978 Fa·
