3000 4559
265 619 874 731 ;uaaTH0L0nAEus
924 504 1198 729 arccuis

556 828 678 893 Herculi
700 827 813 891 Atestio
834 828 861 890 S.
881 829 917 892 D.

260 990 402 1053 Rorionern
421 990 536 1065 reddit,
566 1012 613 1051 cnr
639 987 790 1051 Familiam
818 989 979 1071 Principum
996 991 1159 1070 Arestiorrrm
1179 992 1221 1051 ira

294 1070 493 1152 repellandam
521 1070 650 1146 censeas,
677 1069 842 1149 nominaque
868 1092 887 1129 a
913 1070 1012 1132 cereris
1040 1070 1221 1153 Scriptoribns

263 1193 267 1202 ·
292 1086 427 1230 nsirpnrae
453 1149 662 1226 Atestinornm,
690 1148 739 1210 vel
766 1147 935 1226 Ellensr’nm,
958 1152 1068 1232 prason
1096 1153 1222 1231 rejicias.

292 1227 512 1307 Erudiriffimnm
531 1247 621 1288 antem
643 1229 866 1309 Disputationem
886 1229 1004 1305 inllirnir
1023 1230 1111 1307 lebino,
1130 1231 1170 1292 Θ
1190 1253 1223 1289 a·

291 1307 508 1381 nimadverfione
527 1308 710 1390 digniffimam
729 1310 766 1370 de
786 1308 890 1388 triplici
904 1311 1021 1370 nominis
1036 1312 1155 1385 rosione,
1179 1313 1221 1370 ni-

290 1389 395 1450 mirum
410 1388 602 1469 prenomine,
622 1388 754 1463 nomine,
774 1389 929 1466 cognomine
949 1432 960 1464 ,
982 1386 1047 1464 five
1067 1411 1225 1471 cognomen·

287 1485 337 1544 to,
358 1490 411 1548 qno
434 1468 555 1528 Romani
573 1489 592 1526 a
607 1467 747 1560 postremis
769 1465 891 1546 Regibus
923 1469 964 1528 ad
979 1468 1083 1549 primos
1103 1472 1223 1554 Impera-

260 1565 360 1608 -tores
381 1547 535 1609 continuato
554 1547 649 1608 ordine
668 1547 764 1611 vocari
781 1547 992 1626 consueverint.

261 1784 296 1846 3
454 1761 544 1825 Uaeris
561 1783 578 1824 a
595 1780 640 1822 me
658 1806 667 1836 ‚
685 1760 826 1827 Hercules
854 1759 955 1827 Prince
976 1783 1017 1840 s,
1039 1762 1128 1857 idque
1150 1764 1224 1837 iam·

260 1859 265 1881 t
403 1842 423 1915 ’ἐξ
435 1886 436 1901 2
464 1841 597 1981 pridem,
617 1841 759 1932 quidnam
780 1841 810 1903 id
828 1841 934 1934 sit,qu
998 1864 1053 1927 ego
1078 1866 1108 1906 tn
1123 1844 1226 1908 Fami·

477 1943 485 1981 l

405 1925 436 2013 ,l
487 1941 510 1981 a
526 1937 582 1984 tuae
598 1942 716 1983 nomine
729 1943 796 1984 cum
814 1938 924 1985 caeterrs
948 1924 1009 1987 Scri
1030 1923 1140 1987 toribus
1161 1947 1223 1987 non

286 2056 294 2069 ,
396 1999 659 2075 consentiam:
680 2002 750 2138 zui,
769 2021 858 2140 paam
880 2002 932 2063 alii
954 2005 994 2065 At
1035 2003 1142 2079 marn,
1162 2004 1222 2085 ple-

260 2083 285 2111 ‘¹
306 2080 312 2087 ‘
463 2080 546 2161 rique
568 2079 657 2140 etiam
709 2079 768 2141 ileu
781 2099 828 2140 em
842 2079 1028 2157 inscribunt,
1054 2080 1131 2146 solus
1156 2102 1223 2150 earn

248 2152 332 2239 mihi
347 2153 536 2219 denominem
552 2155 716 2221 Aterion?
735 2158 848 2232 Quaeris
865 2175 898 2220 tu
914 2160 1052 2241 quidem,
1068 2158 1225 2238 Princeps,

248 2231 359 2308 reeie,
386 2234 432 2297 sed
456 2236 501 2299 illi
528 2252 656 2311 contra,
680 2234 820 2319 aquibus
844 2237 876 2296 in
901 2257 936 2298 ea
959 2237 1020 2317 ipsa
1037 2236 1224 2317 inscriptione

248 2310 402 2388 distentio,
424 2314 547 2376 minime
563 2334 644 2396 aeque
667 2328 909 2396 conqueruntur:
932 2315 985 2397 qui
1011 2334 1059 2376 me
1082 2314 1224 2397 antiquis-

248 2386 332 2473 limae
350 2390 547 2474 inscriptionis
564 2391 778 2470 correclorem,
802 2414 836 2457 ac
852 2392 932 2475 quasi
947 2390 1092 2470 censoreni
1110 2414 1222 2456 novum

248 2470 389 2534 accusant
414 2516 421 2533 .
453 2474 495 2536 Ut
519 2474 529 2534 i
552 2472 612 2535 itur
636 2493 694 2535 una
718 2493 806 2557 opera
829 2471 861 2536 δι
885 2471 939 2534 tihi
965 2471 1079 2536 abunde
1112 2472 1223 2535 satisfa-

248 2550 350 2625 ciam,
367 2549 398 2610 δι
414 2551 478 2615 istis
494 2493 679 2634 telisondeam
696 2549 939 2627 cumulatillime,
962 2553 1051 2635 paulo
1075 2551 1162 2615 altius
1180 2572 1226 2615 res

248 2629 293 2691 est
317 2632 471 2711 repetenda
488 2677 496 2693 .
515 2633 594 2696 Scito
620 2633 736 2715 igitur,
761 2632 920 2714 Princeps,
941 2633 1091 2697 Romanos
1117 2631 1224 2714 poslre·

248 2710 311 2789 ruis
329 2710 457 2791 Regibus
475 2712 512 2775 ad
528 2713 640 2794 primos
651 2712 844 2792 Imperatores
861 2711 1033 2777 continuato
1050 2711 1151 2774 ordine
1166 2712 1223 2776 hec

248 2787 363 2871 triplici
380 2793 507 2854 nominis
525 2793 638 2856 tatione
656 2837 666 2868 ,
690 2792 871 2858 praenomine
886 2837 896 2868 ,
921 2793 1072 2866 Nomine,
1103 2791 1221 2873 Cogno·

248 2869 353 2941 mine,
373 2867 430 2930 five
448 2885 480 2931 tu
494 2872 589 2933 mavis
606 2889 802 2952 cognomento
818 2871 929 2946 dicere,
950 2872 1049 2936 vocati
1065 2871 1164 2934 solitos
1181 2872 1223 2932 es-

248 2943 296 3018 se,
318 2945 354 3008 de
372 2947 476 3028 quibus
492 2949 532 3011 [ιη
554 2949 609 3011 ulis
628 2951 721 3012 multa
745 2951 801 3013 hoc
825 2950 891 3012 loco
904 2948 988 3013 nobis
1004 2949 1222 3030 perstringenda

250 3022 346 3101 funt,
371 3047 434 3109 quae
458 3026 489 3089 δι
514 2971 553 3090 al
575 3047 635 3089 rem
653 3027 807 3103 nollram,
831 3028 863 3089 δι
887 3027 924 3089 ad
939 3029 1012 3089 alias
1028 3028 1120 3088 etiam
1137 3026 1223 3087 fami-

248 3100 337 3185 liares
369 3107 578 3187 appellationes
603 3109 730 3167 maxime
760 3105 903 3197 pertinere
918 3106 1120 3166 arbitramur.
1147 3105 1224 3169 rra.

251 3203 362 3246 nomen
383 3188 493 3267 igitur,
515 3186 544 3247 id
592 3184 649 3248 uod
675 3205 734 3247 vox
760 3183 821 3265 ipsa
843 3180 928 3245 facile
953 3183 1083 3260 indicat,
1100 3183 1215 3244 nomin-

250 3265 487 3345 praeponebarur,
511 3283 544 3328 ut
563 3206 599 3326 (l
608 3265 651 3325 M.
659 3265 697 3323 T.
705 3263 736 3325 Ρ.
751 3263 807 3324 Cn.
823 3262 887 3324 Sex.
903 3281 971 3324 curn
986 3261 1083 3335 lulio,
1098 3261 1201 3323 Cicero
1211 3265 1227 3341 i,

254 3366 317 3421 ue,
346 3346 537 3437 Pomponio,
558 3342 723 3419 Cornelio,
745 3340 902 3423 Pompeio,
923 3340 1054 3431 Roscio.
1081 3342 1222 3404 Pauciora

256 3444 337 3488 etant
354 3446 477 3489 omnino
515 3423 698 3498 raenomina,
721 3421 793 3483 sica
808 3441 875 3484 cum
890 3419 1082 3483 Familiarum
1100 3440 1222 3484 numero

256 3504 460 3569 conferantur.
519 3525 557 3571 aec
573 3505 653 3567 enim
670 3517 779 3577 erant,
804 3500 917 3582 Appius
934 3543 944 3576 ,
970 3499 1091 3575 Aulus,
1113 3499 1222 3576 Caius,

258 3586 381 3664 Gneus,
403 3584 541 3649 Decimus
559 3629 568 3661 ,
593 3583 702 3647 Lucius
717 3626 728 3660 ,
744 3581 889 3656 Marcus,
909 3578 1028 3642 Publius
1045 3625 1054 3655 ,
1070 3581 1223 3670 Quintus,

256 3665 398 3741 Servius,
423 3666 552 3740 Sextus,
576 3663 594 3724 S
616 3663 713 3737 usius,
729 3661 836 3736 Titus,
857 3659 1010 3735 Tiberius,
1031 3659 1062 3722 δι
1084 3679 1220 3740 pauciora

276 3746 385 3809 uaedam
409 3744 483 3806 alia.
505 3684 647 3805 Familias
672 3756 771 3821 autem
796 3740 862 3824 quis
886 3737 1072 3803 numerabit?
1088 3739 1141 3800 Sed
1162 3757 1218 3826 ⁸nec

255 3764 362 3891 ictam
387 3823 495 3887 mirum
522 3822 615 3886 videri
632 3821 734 3898 debet,
756 3840 835 3961 cusp<
849 3821 908 3883 hac
931 3817 1067 3883 omnibus
1084 3816 1225 3878 Familns

317 3906 324 3917 ⁶
368 3904 374 3916 ¹
414 3924 417 3947 ι
876 3918 891 3979 3
1094 3913 1171 3958 com-
