3000 4559
391 347 420 408 s

470 468 1027 554 emmeramme

272 602 349 670 rmn
368 645 386 686 ‚-
408 590 640 694 quietudine
668 589 948 691 jurisprudentia
975 591 1074 666 viam
1094 590 1232 693 primus

271 706 350 783 eliis
381 703 696 782 commonstravit.
731 702 800 780 Sed
830 725 1019 808 pupugerat
1057 704 1231 785 Ricciunr

267 821 389 898 acerba
417 819 541 896 itidem
568 816 690 907 ratio,
721 846 789 920 qua
815 817 1143 898 Grammaticorum
1161 848 1231 895 noa
1269 849 1270 922 ι

266 938 379 1025 men,
408 928 711 1008 &Laurentium
749 932 894 1008 Vallam
938 959 1043 1008 antea
1069 932 1229 1008 jdiv'exa·

268 1076 351 1125 ratu
386 1044 551 1122 Alcimus
589 1045 713 1121 mansit
749 1047 913 1124 Ferrariae
948 1047 1064 1148 quoad
1100 1045 1231 1124 ¹uiuite

270 1169 366 1238 Nam
397 1157 611 1262 temporariae
643 1187 781 1237 tantum
806 1163 883 1264 ejus
913 1162 955 1236 ab
975 1161 1039 1235 illa
1071 1160 1230 1260 quaedam

269 1272 502 1378 professiones
521 1273 682 1350 ¹subinde
718 1274 889 1369 suerunt,
927 1276 986 1351 vel
1026 1274 1125 1376 pellis
1157 1302 1230 1350 mm

271 1415 338 1479 tu,
379 1388 437 1464 vel
476 1389 589 1481 belli,
627 1392 691 1466 uel¹
724 1389 944 1492 publicarum
980 1387 1229 1492 'Legationum

270 1503 401 1580 caussa.
430 1510 536 1580 Eum·
552 1495 716 1606 Prinseps
746 1503 786 1580 in
815 1505 949 1580 honore
975 1500 1099 1578 habuit
1125 1557 1137 1593 ‚
1162 1500 1232 1575 Vi·

270 1616 300 1693 ri
328 1616 519 1708 dossum,
550 1623 586 1692 &
616 1616 815 1693 eruditione
844 1618 1067 1718 praestantes,
1096 1613 1229 1690 Caelius

272 1730 543 1833 Calcagninus,
574 1729 691 1807 Lilius
721 1731 927 1828 ayraldus,
955 1727 1091 1805 Silvius
1111 1735 1230 1804 Anto·

272 1841 436 1934 manus,
475 1844 690 1921 Vincentius
729 1844 874 1922 Madius
895 1880 915 1936 '‚
954 1841 1229 1919 Bartholomaeus

271 1955 472 2049 Ferrinius,
501 1961 651 2046 Joannes
679 1958 833 2062 Baptista
860 1958 973 2063 Pigna
991 1953 1155 2033 certatim
1175 1952 1231 2028 ad·

274 2097 455 2147 amarunt.
491 2077 625 2166 Quum*
652 2072 690 2150 in
729 2075 795 2148 hac
826 2073 908 2148 esset
939 2073 1064 2162 Aula,
1101 2066 1230 2143 Libros

275 2209 342 2260 tres
372 2183 414 2260 de
444 2183 652 2262 Imitatione
683 2185 867 2288 inscriptos
886 2183 1072 2271 absolvit,.
1080 2179 1231 2282 quibus,

271 2298 395 2425 &qui
432 2299 652 2377 Auslores
637 2299 840 2378 imitatione
879 2298 993 2405 digni
1003 2297 1159 2386 essent,
1172 2293 1229 2368 in
1269 2343 1270 2369 2

269 2409 393 2512 primis
421 2413 592 2515 sapienter
614 2414 823 2506 indicavit,
864 2418 898 2488 δι
923 2431 1012 2514 quae
1040 2438 1131 2487 vere
1151 2405 1232 2482 imi

272 2524 371 2600 tandi
399 2526 490 2602 ratio
518 2528 629 2618 esset,
658 2531 838 2632 eleganter
868 2527 1029 2602 edocuit.
1055 2518 1232 2598 Volumi

273 2661 319 2709 na
355 2664 494 2741 quoque
532 2640 766 2717 concinnavit
802 2640 1050 2740 Epistolamm·
1086 2632 1229 2712 Latina·

272 2776 380 2842 rum,
412 2754 610 2852 err-quibus
640 2781 808 2853 apparet,
839 2752 1056 2827 eum=<Viros
1093 2744 1232 2820 Litera·

274 2890 351 2938 rum
379 2862 472 2938 sama
500 2864 707 2941 celebriores
734 2863 893 2954 coluisse,
923 2861 1091 2963 fuisseque
1121 2856 1228 2933 vicis-1

274 2976 337 3050 srm
368 2980 500 3054 cultum
533 2982 575 3055 ab
604 2977 707 3055 illis.'
728 2975 934 3080 Composuit
964 2974 1160 3076 Dialogum
1189 2970 1232 3046 de

273 3089 412 3178 Judicio
443 3093 729 3170 adscribendum
757 3090 973 3182 necessario,
1002 3094 1235 3166 Commenta

275 3202 368 3280 rium
397 3208 438 3285 de
469 3208 629 3286 Consilio
660 3206 860 3308 Principis,
889 3206 1044 3305 itemque
1082 3201 1125 3275 de
1156 3197 1233 3274 evi

277 3323 412 3413 tanda,
442 3327 477 3397 &
506 3322 752 3424 compescenda
782 3314 994 3407 Iracundia,
1026 3304 1270 3391 Orationes

278 3459 346 3534 que
376 3378 463 3512 bine
494 3437 640 3514 multus.
671 3440 759 3528 Quae
777 3434 895 3508 omnia
913 3427 1145 3504 dosliflimum
1165 3425 1232 3498 Vi·

278 3561 371 3623 rum·
390 3551 604 3638 ostendunt,
630 3553 678 3629 ,δι
707 3573 822 3618 ιιιιειι
847 3544 982 3617 Latinae
1019 3537 1232 3643 eloquentiae
1269 3502 1270 3612 l

272 3658 569 3740 *instauratorem
606 3655 814 3734 Literariam
843 3654 1144 3731 concertationem
1174 3651 1270 3726 ha

159 3828 167 3873 3
272 3773 356 3863 luuit
385 3803 464 3852 cum
492 3772 658 3879 Gaspare
671 3769 794 3849 Sardio
830 3769 1098 3873 'ferrariensium
1133 3764 1233 3841 Prin

1145 3873 1194 3942 ei
