3000 4559
310 471 356 548 7⁶·
525 458 777 530 BARTHOL.
805 459 972 524 RICCH

274 546 337 609 dius
360 548 581 629 conspurcarer'.
610 545 752 620 lumbo,
781 564 815 606 ac
831 559 902 624 potu
922 560 987 606 eam
1008 533 1229 604 deiedlationem

276 627 432 708 capiebat,
463 646 554 708 quam
574 626 626 709 qui
646 625 762 766 optimo
785 623 850 686 esset
871 624 981 704 gustu3
1010 638 1170 711 utrumque
1189 639 1227 682 ta-

273 727 340 768 men
362 706 512 782 modeste,
533 722 621 788 atque
643 726 661 765 a
681 724 715 766 eo
739 706 816 766 intra
836 703 956 765 modum
980 704 1152 762 contrnuit.
1184 701 1227 762 nd

272 787 400 867 corporis
421 785 499 847 enim
522 788 598 849 vires
621 783 814 857 reficiendas,
843 804 903 845 non
924 783 960 844 ad
981 782 1172 842 immodicam
1192 782 1229 842 sa·

273 865 425 943 rietatem,
448 865 558 929 vinum
582 864 751 927 sumendum
772 865 825 924 elie
845 860 1052 926 arbitrabatur.
1083 862 1164 936 Quid
1185 881 1228 923 au-

273 960 334 1006 tem
352 947 449 1008 dicam
469 945 505 1007 de
525 945 584 1015 ejus
606 943 804 1021 fortitudine,
824 944 877 1026 qui
896 964 932 1004 eo
952 941 1171 1022 semper-vultu
1191 939 1226 1002 esi

271 1025 348 1087 visus
369 1028 401 1088 in
423 1025 571 1100 adversis,
598 1042 661 1105 quo
690 1038 782 1085 etiam
811 1024 842 1085 in
863 1023 966 1098 latis,
997 1043 1030 1083 ac
1057 1017 1224 1161 prosperis?

270 1103 356 1165 Certe
377 1106 454 1168 duod
490 1105 659 1179 mannos,
680 1123 754 1184 quos
776 1104 838 1183 egit
859 1123 926 1164 cum
949 1120 1036 1164 uxore
1077 1121 1131 1162 ene
1153 1101 1224 1163 locu-

268 1182 371 1265 plete,
398 1184 466 1246 forti
489 1205 547 1246 rme
568 1185 653 1263 egit.
682 1185 712 1245 Si
735 1183 834 1244 uidem
865 1203 931 1244 cum
960 1203 993 1241 ea
1014 1181 1127 1242 interea
1147 1202 1223 1243 nurn-

268 1264 517 1346 quamlitiga-vit,
539 1263 660 1326 verbum
671 1203 786 1324 nulium
808 1263 1023 1333 commutavit;
1044 1262 1221 1343 quodquam

267 1361 383 1418 rarum,
405 1365 496 1428 quam
518 1342 591 1405 forte
611 1388 620 1420 ‚
642 1363 730 1425 quam
752 1363 855 1405 omnes
875 1342 1012 1403 Herculis
1034 1340 1146 1401 labores
1167 1342 1221 1402 lon·

268 1440 305 1502 ge
327 1423 357 1484 su
396 1427 500 1500 ret,·'is
522 1421 604 1485 facile
625 1423 784 1497 judicabit,
804 1422 856 1503 qui
878 1442 998 1484 uxorem
1021 1421 1155 1481 habuerit
1176 1421 1220 1480 ali-

266 1520 345 1582 quan
365 1525 398 1565 o.
419 1504 433 1575 J
438 1504 566 1566 ustitiam
587 1523 674 1578 vero,
694 1502 783 1584 idque
803 1503 865 1572 jure
886 1503 1008 1582 optimo,
1023 1502 1157 1564 omnium
1171 1501 1232 1577 vir·¹

266 1596 365 1643 tutum
387 1583 672 1665 Reginamhabuit,
694 1583 794 1663 itaque
814 1584 903 1644 etiam
927 1582 1003 1642 hanc
1024 1599 1115 1641 unam
1136 1580 1230 1640 mari-¹

267 1681 315 1722 me
335 1662 453 1738 coluit,
482 1683 535 1744 pro
556 1683 615 1743 qua
635 1661 666 1723 id
686 1662 737 1722 srbi
758 1663 912 1742 prudenter
934 1658 1119 1734 confecerat,
1147 1658 1215 1741 quod

266 1742 357 1802 etiarn
386 1742 482 1808 crebro
504 1743 536 1802 in
564 1763 613 1803 ore
635 1739 759 1802 habebat
778 1762 786 1812 3
816 1741 952 1802 amicitiae
975 1761 1065 1801 unam
1086 1739 1215 1810 justitiam

267 1818 453 1882 sanfliffimas
473 1841 535 1882 aras
557 1820 625 1882 elle.
646 1821 847 1900 intemperans
868 1821 937 1895 sim,
959 1819 1131 1901 inquiebat,
1152 1818 1215 1879 ami-

265 1899 292 1960 ci
313 1900 420 1974 caussa,
441 1899 579 1962 facillime
600 1899 667 1960 ferri
690 1901 802 1980 potest3
824 1902 946 1962 timeam
968 1920 1019 1979 pro
1028 1901 1148 1970 eodem3
1169 1899 1215 1958 im·

263 1979 424 2058 prudentiae
452 1980 541 2041 etiam
562 1996 679 2060 propter
700 1980 834 2041 eumdem
856 1979 993 2056 accuser,
1026 1980 1105 2039 nihil
1128 1977 1214 2040 admo

264 2055 335 2119 dum
356 2057 472 2129 laboro3
494 2059 604 2122 sivero
625 2060 656 2120 in
678 2080 802 2140 parvam
821 2080 876 2140 pro
897 2061 992 2120 amico
1013 2058 1158 2127 injustitia
1177 2057 1191 2116 s
1203 2088 1214 2103 ·

263 2136 420 2216 spicionem
434 2139 518 2199 milri
533 2138 726 2217 incidendum
748 2139 806 2214 sn,
836 2159 891 2220 ego
913 2155 977 2199 turn
1009 2137 1093 2200 facile
1114 2140 1145 2199 in
1165 2137 1213 2198 alia

264 2218 381 2279 omnia.
404 2219 518 2280 Possum
540 2239 595 2299 ego
616 2238 683 2280 vere
703 2221 817 2293 sellari,
838 2239 905 2280 cum
927 2218 1092 2299 aquodam
1116 2217 1214 2280 Prima·

262 2296 306 2357 rio
329 2297 428 2373 Viro,
458 2299 505 2361 cui
526 2297 640 2379 praecise
660 2301 761 2380 negari
783 2319 843 2359 non
865 2314 1006 2378 poterat,
1036 2297 1135 2359 nescio
1153 2295 1212 2379 quid

263 2377 360 2437 minus
383 2377 533 2439 honestum
555 2393 731 2459 rogaretur,
751 2378 788 2439 fic
810 2380 836 2439 ei
857 2378 943 2439 illurn
959 2379 1017 2438 effe
1040 2376 1213 2450 obsecutum,

264 2473 298 2518 ut
319 2456 378 2525 ejus
400 2456 536 2538 scripturn
560 2455 630 2537 [res
648 2459 726 2518 enim
747 2459 853 2538 scripto
875 2457 1032 2538 agebatur]
1054 2459 1117 2537 pari
1137 2457 1214 2518 ratio·

260 2556 297 2596 ne
326 2537 357 2597 in
388 2553 542 2619 utramque
571 2554 681 2616 partem
710 2536 939 2598 commodissime
968 2537 1076 2627 exponi
1105 2536 1213 2618 posset.

260 2614 348 2690 Quod
373 2631 405 2674 ut
427 2617 563 2696 Princeps
584 2617 667 2676 Civis
690 2617 924 2691 animadvertit,
945 2615 1092 2677 subridens
1108 2615 1215 2697 inquit,

264 2710 315 2768 ut,
337 2693 646 2774 femini-‚prudenter
669 2696 761 2775 sapis?
784 2697 831 2756 cui
853 2695 902 2756 ille
922 2697 1010 2776 paulo
1033 2695 1170 2758 liberius:
1187 2710 1216 2754 tu

259 2792 329 2833 vero
353 2770 521 2853 posthac·in
541 2775 666 2854 petendo
689 2796 749 2836 non
771 2775 864 2836 solum
888 2794 986 2851 tuam,
1009 2775 1057 2836 sed
1078 2795 1163 2857 aquo
1177 2789 1214 2835 et·

259 2852 319 2913 iam
340 2866 447 2932 petas,
469 2853 612 2915 rationem
631 2854 782 2916 adhibebis
804 2855 1047 2936 diligentiorem.
1080 2855 1174 2926 Hujus
1194 2853 1213 2912 i·

235 2942 237 2946 “
260 2946 320 2992 tem
342 2934 460 2995 virtutis
480 2933 522 2994 est
542 2934 610 2995 odia
633 2934 744 3010 sedare,
766 2935 831 2996 lites
854 2956 1028 3016 componere
1047 2980 1056 3010 ,
1078 2937 1111 2995 in
1131 2931 1214 3016 prilli·

259 3026 329 3073 nam
349 3014 534 3075 concordiam
554 3015 682 3095 graviter
704 3014 829 3076 infensos
851 3017 965 3077 animos
987 3012 1158 3088 restituere3
1180 3032 1215 3073 re·

258 3093 427 3154 conciliare.
449 3094 547 3170 Cave,
568 3114 747 3177 quemquam
758 3113 841 3176 putes
863 3094 1043 3156 Ferrinioad
1064 3093 1215 3154 concilian-

258 3171 308 3234 das
340 3174 495 3236 hominum
519 3175 606 3236 iratas
628 3192 767 3249 mentes,
796 3175 832 3235 ad
853 3174 1005 3236 discordias
1036 3172 1172 3235 sedandas
1191 3192 1215 3232 a·

256 3254 382 3340 priorem
404 3268 544 3337 umquam
565 3255 666 3315 fuisse.
702 3254 856 3315 Continuo
877 3255 954 3315 enim
976 3255 1007 3314 in
1031 3253 1117 3324 hujus
1138 3252 1216 3315 vultu

256 3331 311 3392 rilo
331 3332 474 3395 latissimo
494 3336 637 3396 iratorum
658 3335 893 3396 animi-omnem
908 3333 1062 3409 injuriam,
1084 3352 1173 3397 omne
1189 3352 1215 3391 o·

256 3407 341 3468 dium
361 3410 561 3492 deponebant3
584 3415 691 3496 siquid
716 3432 813 3476 tamen
837 3412 924 3494 paulo
945 3413 1033 3475 altius
1055 3412 1216 3495 impressum

255 3488 421 3565 resedisset,
451 3495 503 3554 vix
525 3495 645 3555 tertium
668 3495 752 3564 hujus
776 3493 896 3556 verbum
920 3493 1118 3572 expellebat,
1149 3490 1218 3572 quin

257 3565 285 3655 se
302 3567 329 3627 se
350 3582 447 3653 totum
468 3569 644 3648 effunderet'·‚
666 3572 863 3657 liquefaceret.
880 3571 1005 3644 'Justinae
1028 3593 1099 3634 vero
1120 3570 1219 3633 libera-

256 3645 324 3706 irtas
345 3648 498 3719 conjunfla
520 3652 582 3713 est.
614 3656 763 3729 Quoniam
786 3669 885 3713 autern
901 3652 989 3721 hujus
1011 3653 1133 3731 virtutis
1157 3668 1219 3731 pars

256 3724 347 3786 altera
368 3729 399 3787 in
419 3729 517 3793 officio
539 3731 692 3808 versatur,
722 3735 753 3793 in
775 3732 827 3792 lrac
848 3749 928 3811 parte
986 3752 1055 3792 narn
1087 3735 1119 3794 in
1138 3731 1218 3810 large

257 3803 353 3869 dando
373 3808 425 3889 qui
446 3812 563 3891 potuit,
585 3814 634 3874 cui
654 3812 741 3876 nulla
762 3811 913 3878 facultates
936 3832 955 3876 a
974 3810 1109 3893 cilenti]
1130 3812 1218 3890 longe

1077 3909 1182 3953 omnes
