<?xml version="1.0" encoding="UTF-8"?>
<!DOCTYPE html PUBLIC "-//W3C//DTD XHTML 1.0 Transitional//EN"
    "http://www.w3.org/TR/xhtml1/DTD/xhtml1-transitional.dtd">
<html xmlns="http://www.w3.org/1999/xhtml" xml:lang="en" lang="en">
 <head>
  <title>
</title>
<meta http-equiv="Content-Type" content="text/html;charset=utf-8" />
  <meta name='ocr-system' content='tesseract 3.04.00' />
  <meta name='ocr-capabilities' content='ocr_page ocr_carea ocr_par ocr_line ocrx_word'/>
</head>
<body>
  <div class='ocr_page' id='page_1' title='image "./operumtomusprim00riccgoog_0182.png"; bbox 0 0 3000 4559; ppageno 0'>
   <div class='ocr_carea' id='block_1_1' title="bbox 192 470 1271 3969">
    <p class='ocr_par' dir='ltr' id='par_1_1' title="bbox 192 470 1247 2073">
     <span class='ocr_line' id='line_1_1' title="bbox 330 470 997 540; baseline -0.006 0"><span class='ocrx_word' id='word_1_1' title='bbox 330 479 386 540; x_wconf 80' lang='lat'>126</span> <span class='ocrx_word' id='word_1_2' title='bbox 547 470 801 536; x_wconf 70' lang='lat' dir='ltr'><strong><em>BART‘HOL.</em></strong></span> <span class='ocrx_word' id='word_1_3' title='bbox 831 474 997 536; x_wconf 79' lang='lat' dir='ltr'>ntcctr</span> 
     </span>
     <span class='ocr_line' id='line_1_2' title="bbox 287 547 1246 637; baseline -0.005 -16"><span class='ocrx_word' id='word_1_4' title='bbox 287 557 393 621; x_wconf 88' lang='lat' dir='ltr'>summi</span> <span class='ocrx_word' id='word_1_5' title='bbox 402 547 490 637; x_wconf 84' lang='lat' dir='ltr'>pretii</span> <span class='ocrx_word' id='word_1_6' title='bbox 517 553 630 634; x_wconf 85' lang='lat' dir='ltr'>capsam</span> <span class='ocrx_word' id='word_1_7' title='bbox 653 572 671 615; x_wconf 94' lang='lat' dir='ltr'>a</span> <span class='ocrx_word' id='word_1_8' title='bbox 693 574 739 616; x_wconf 87' lang='lat' dir='ltr'>me</span> <span class='ocrx_word' id='word_1_9' title='bbox 761 550 812 616; x_wconf 82' lang='lat' dir='ltr'>sibi</span> <span class='ocrx_word' id='word_1_10' title='bbox 832 556 991 636; x_wconf 89' lang='lat' dir='ltr'>aliquando</span> <span class='ocrx_word' id='word_1_11' title='bbox 1011 552 1152 615; x_wconf 84' lang='lat' dir='ltr'>creditam</span> <span class='ocrx_word' id='word_1_12' title='bbox 1171 552 1246 616; x_wconf 74' lang='lat' dir='ltr'>fuiffa</span> 
     </span>
     <span class='ocr_line' id='line_1_3' title="bbox 285 633 1244 720; baseline -0.003 -21"><span class='ocrx_word' id='word_1_13' title='bbox 285 636 494 720; x_wconf 85' lang='lat' dir='ltr'>profitebatur,</span> <span class='ocrx_word' id='word_1_14' title='bbox 514 633 724 714; x_wconf 80' lang='lat' dir='ltr'>comprobabo.</span> <span class='ocrx_word' id='word_1_15' title='bbox 744 638 825 696; x_wconf 91' lang='lat' dir='ltr'>Nam</span> <span class='ocrx_word' id='word_1_16' title='bbox 846 635 1026 697; x_wconf 84' lang='lat' dir='ltr'>fimihi&#39;cum</span> <span class='ocrx_word' id='word_1_17' title='bbox 1047 636 1244 696; x_wconf 77' lang='lat' dir='ltr'>illotantutu·</span> 
     </span>
     <span class='ocr_line' id='line_1_4' title="bbox 284 713 1243 791; baseline -0.005 -11"><span class='ocrx_word' id='word_1_18' title='bbox 284 717 354 791; x_wconf 88' lang='lat' dir='ltr'>sus,</span> <span class='ocrx_word' id='word_1_19' title='bbox 387 732 471 778; x_wconf 89' lang='lat' dir='ltr'>tanta</span> <span class='ocrx_word' id='word_1_20' title='bbox 490 713 695 791; x_wconf 81' lang='lat' dir='ltr'>familiaritas,</span> <span class='ocrx_word' id='word_1_21' title='bbox 724 729 807 777; x_wconf 86' lang='lat' dir='ltr'>tanta</span> <span class='ocrx_word' id='word_1_22' title='bbox 834 714 1043 776; x_wconf 78' lang='lat' dir='ltr'>benevolentia</span> <span class='ocrx_word' id='word_1_23' title='bbox 1063 715 1243 790; x_wconf 65' lang='lat' dir='ltr'>conjuratio,</span> 
     </span>
     <span class='ocr_line' id='line_1_5' title="bbox 286 793 1247 879; baseline -0.003 -21"><span class='ocrx_word' id='word_1_24' title='bbox 286 812 429 879; x_wconf 87' lang='lat' dir='ltr'>quantam</span> <span class='ocrx_word' id='word_1_25' title='bbox 451 793 523 856; x_wconf 92' lang='lat' dir='ltr'>falso</span> <span class='ocrx_word' id='word_1_26' title='bbox 544 794 676 869; x_wconf 67' lang='lat' dir='ltr'>sallitat,</span> <span class='ocrx_word' id='word_1_27' title='bbox 696 814 826 877; x_wconf 88' lang='lat' dir='ltr'>unquam</span> <span class='ocrx_word' id='word_1_28' title='bbox 846 793 953 868; x_wconf 75' lang='lat' dir='ltr'>fuisset,</span> <span class='ocrx_word' id='word_1_29' title='bbox 976 812 1029 876; x_wconf 83' lang='lat' dir='ltr'>par</span> <span class='ocrx_word' id='word_1_30' title='bbox 1044 797 1097 854; x_wconf 89' lang='lat' dir='ltr'>elle</span> <span class='ocrx_word' id='word_1_31' title='bbox 1117 795 1247 871; x_wconf 78' lang='lat' dir='ltr'>videtur,</span> 
     </span>
     <span class='ocr_line' id='line_1_6' title="bbox 286 873 1241 954; baseline -0.002 -16"><span class='ocrx_word' id='word_1_32' title='bbox 286 893 321 938; x_wconf 89' lang='lat' dir='ltr'>ut</span> <span class='ocrx_word' id='word_1_33' title='bbox 342 877 392 937; x_wconf 86' lang='lat' dir='ltr'>ilie</span> <span class='ocrx_word' id='word_1_34' title='bbox 422 895 504 937; x_wconf 84' lang='lat' dir='ltr'>meus</span> <span class='ocrx_word' id='word_1_35' title='bbox 535 874 656 954; x_wconf 89' lang='lat' dir='ltr'>Pylades</span> <span class='ocrx_word' id='word_1_36' title='bbox 686 873 769 935; x_wconf 90' lang='lat' dir='ltr'>fuum</span> <span class='ocrx_word' id='word_1_37' title='bbox 798 892 835 935; x_wconf 81' lang='lat' dir='ltr'>aes</span> <span class='ocrx_word' id='word_1_38' title='bbox 857 875 986 936; x_wconf 87' lang='lat' dir='ltr'>alienum</span> <span class='ocrx_word' id='word_1_39' title='bbox 1006 874 1083 934; x_wconf 88' lang='lat' dir='ltr'>mihi</span> <span class='ocrx_word' id='word_1_40' title='bbox 1105 873 1241 936; x_wconf 86' lang='lat' dir='ltr'>interdum</span> 
     </span>
     <span class='ocr_line' id='line_1_7' title="bbox 285 948 1243 1030; baseline -0.002 -13"><span class='ocrx_word' id='word_1_41' title='bbox 285 955 453 1030; x_wconf 67' lang='lat' dir='ltr'>indicalstt,</span> <span class='ocrx_word' id='word_1_42' title='bbox 472 955 508 1015; x_wconf 91' lang='lat' dir='ltr'>de</span> <span class='ocrx_word' id='word_1_43' title='bbox 530 952 580 1015; x_wconf 87' lang='lat' dir='ltr'>fua</span> <span class='ocrx_word' id='word_1_44' title='bbox 600 948 706 1028; x_wconf 91' lang='lat' dir='ltr'>mala,</span> <span class='ocrx_word' id='word_1_45' title='bbox 727 954 758 1015; x_wconf 90' lang='lat'>&amp;</span> <span class='ocrx_word' id='word_1_46' title='bbox 778 953 886 1016; x_wconf 77' lang='lat' dir='ltr'>afllifla</span> <span class='ocrx_word' id='word_1_47' title='bbox 905 952 1026 1016; x_wconf 86' lang='lat' dir='ltr'>fortuna</span> <span class='ocrx_word' id='word_1_48' title='bbox 1044 973 1163 1017; x_wconf 85' lang='lat' dir='ltr'>mecum</span> <span class='ocrx_word' id='word_1_49' title='bbox 1200 973 1243 1016; x_wconf 62' lang='lat' dir='ltr'>ue*</span> 
     </span>
     <span class='ocr_line' id='line_1_8' title="bbox 284 974 1244 1117; baseline -0.002 -19"><span class='ocrx_word' id='word_1_50' title='bbox 284 1053 395 1099; x_wconf 83' lang='lat' dir='ltr'>teretur</span> <span class='ocrx_word' id='word_1_51' title='bbox 408 1033 571 1117; x_wconf 35' lang='lat' dir='ltr'>*aliquando</span> <span class='ocrx_word' id='word_1_52' title='bbox 588 1078 597 1108; x_wconf 92' lang='lat'>,</span> <span class='ocrx_word' id='word_1_53' title='bbox 617 1050 707 1114; x_wconf 85' lang='lat' dir='ltr'>atque</span> <span class='ocrx_word' id='word_1_54' title='bbox 729 1034 819 1096; x_wconf 89' lang='lat' dir='ltr'>etiam</span> <span class='ocrx_word' id='word_1_55' title='bbox 840 1032 957 1095; x_wconf 90' lang='lat' dir='ltr'>liberius</span> <span class='ocrx_word' id='word_1_56' title='bbox 980 1055 999 1094; x_wconf 91' lang='lat' dir='ltr'>a</span> <span class='ocrx_word' id='word_1_57' title='bbox 1019 1052 1070 1094; x_wconf 89' lang='lat' dir='ltr'>me</span> <span class='ocrx_word' id='word_1_58' title='bbox 1088 974 1199 1117; x_wconf 75' lang='lat' dir='ltr'>aliqui?</span> <span class='ocrx_word' id='word_1_59' title='bbox 1214 1055 1244 1096; x_wconf 90' lang='lat' dir='ltr'>o·</span> 
     </span>
     <span class='ocr_line' id='line_1_9' title="bbox 284 1113 1241 1202; baseline 0 -26"><span class='ocrx_word' id='word_1_60' title='bbox 284 1116 328 1198; x_wconf 88' lang='lat' dir='ltr'>pis</span> <span class='ocrx_word' id='word_1_61' title='bbox 349 1115 485 1196; x_wconf 86' lang='lat' dir='ltr'>petiisset.</span> <span class='ocrx_word' id='word_1_62' title='bbox 506 1113 593 1190; x_wconf 89' lang='lat' dir='ltr'>Quod</span> <span class='ocrx_word' id='word_1_63' title='bbox 612 1132 680 1175; x_wconf 87' lang='lat' dir='ltr'>cum</span> <span class='ocrx_word' id='word_1_64' title='bbox 700 1132 756 1202; x_wconf 76' lang='lat' dir='ltr'>ego</span> <span class='ocrx_word' id='word_1_65' title='bbox 779 1113 897 1188; x_wconf 88' lang='lat' dir='ltr'>scirem,</span> <span class='ocrx_word' id='word_1_66' title='bbox 916 1131 1014 1196; x_wconf 82' lang='lat' dir='ltr'>quaro</span> <span class='ocrx_word' id='word_1_67' title='bbox 1034 1113 1070 1175; x_wconf 88' lang='lat' dir='ltr'>de</span> <span class='ocrx_word' id='word_1_68' title='bbox 1093 1131 1149 1188; x_wconf 89' lang='lat' dir='ltr'>te,</span> <span class='ocrx_word' id='word_1_69' title='bbox 1169 1113 1241 1176; x_wconf 87' lang='lat' dir='ltr'>Prin·</span> 
     </span>
     <span class='ocr_line' id='line_1_10' title="bbox 282 1191 1240 1276; baseline -0.002 -21"><span class='ocrx_word' id='word_1_70' title='bbox 282 1211 369 1276; x_wconf 86' lang='lat' dir='ltr'>ceps,</span> <span class='ocrx_word' id='word_1_71' title='bbox 391 1211 488 1258; x_wconf 91' lang='lat' dir='ltr'>utrum</span> <span class='ocrx_word' id='word_1_72' title='bbox 510 1213 557 1254; x_wconf 91' lang='lat' dir='ltr'>me</span> <span class='ocrx_word' id='word_1_73' title='bbox 578 1193 675 1254; x_wconf 85' lang='lat' dir='ltr'>credas</span> <span class='ocrx_word' id='word_1_74' title='bbox 694 1237 702 1266; x_wconf 92' lang='lat'>,</span> <span class='ocrx_word' id='word_1_75' title='bbox 724 1194 770 1255; x_wconf 81' lang='lat' dir='ltr'>isli</span> <span class='ocrx_word' id='word_1_76' title='bbox 791 1214 853 1254; x_wconf 90' lang='lat' dir='ltr'>rem</span> <span class='ocrx_word' id='word_1_77' title='bbox 876 1209 989 1255; x_wconf 86' lang='lat' dir='ltr'>tantam</span> <span class='ocrx_word' id='word_1_78' title='bbox 1011 1191 1240 1256; x_wconf 77' lang='lat' dir='ltr'>commissuram?</span> 
     </span>
     <span class='ocr_line' id='line_1_11' title="bbox 281 1271 1240 1356; baseline -0.001 -20"><span class='ocrx_word' id='word_1_79' title='bbox 281 1274 407 1350; x_wconf 85' lang='lat' dir='ltr'>Utrum,</span> <span class='ocrx_word' id='word_1_80' title='bbox 429 1275 568 1356; x_wconf 85' lang='lat' dir='ltr'>inquam,</span> <span class='ocrx_word' id='word_1_81' title='bbox 589 1274 679 1334; x_wconf 90' lang='lat' dir='ltr'>homo</span> <span class='ocrx_word' id='word_1_82' title='bbox 699 1271 713 1344; x_wconf 92' lang='lat' dir='ltr'>J</span> <span class='ocrx_word' id='word_1_83' title='bbox 718 1272 813 1334; x_wconf 87' lang='lat' dir='ltr'>udaeus</span> <span class='ocrx_word' id='word_1_84' title='bbox 828 1273 995 1335; x_wconf 83' lang='lat' dir='ltr'>Christiano</span> <span class='ocrx_word' id='word_1_85' title='bbox 1010 1291 1065 1336; x_wconf 69' lang='grc' dir='ltr'>εκ</span> <span class='ocrx_word' id='word_1_86' title='bbox 1084 1274 1183 1336; x_wconf 86' lang='lat' dir='ltr'>alieno</span> <span class='ocrx_word' id='word_1_87' title='bbox 1195 1291 1240 1354; x_wconf 76' lang='lat' dir='ltr'>op</span> 
     </span>
     <span class='ocr_line' id='line_1_12' title="bbox 281 1351 1237 1436; baseline -0.002 -21"><span class='ocrx_word' id='word_1_88' title='bbox 281 1355 391 1435; x_wconf 87' lang='lat' dir='ltr'>presso,</span> <span class='ocrx_word' id='word_1_89' title='bbox 412 1354 468 1417; x_wconf 87' lang='lat' dir='ltr'>ltoc</span> <span class='ocrx_word' id='word_1_90' title='bbox 488 1353 543 1428; x_wconf 85' lang='lat' dir='ltr'>est,</span> <span class='ocrx_word' id='word_1_91' title='bbox 563 1355 615 1436; x_wconf 93' lang='lat' dir='ltr'>qui</span> <span class='ocrx_word' id='word_1_92' title='bbox 636 1372 696 1413; x_wconf 85' lang='lat' dir='ltr'>rem</span> <span class='ocrx_word' id='word_1_93' title='bbox 717 1351 797 1414; x_wconf 89' lang='lat' dir='ltr'>fuam</span> <span class='ocrx_word' id='word_1_94' title='bbox 819 1352 937 1436; x_wconf 78' lang='lat' dir='ltr'>pessime</span> <span class='ocrx_word' id='word_1_95' title='bbox 957 1353 1096 1434; x_wconf 80' lang='lat' dir='ltr'>geffisset,</span> <span class='ocrx_word' id='word_1_96' title='bbox 1119 1354 1237 1414; x_wconf 85' lang='lat' dir='ltr'>alienant</span> 
     </span>
     <span class='ocr_line' id='line_1_13' title="bbox 279 1432 1238 1514; baseline 0 -20"><span class='ocrx_word' id='word_1_97' title='bbox 279 1436 371 1496; x_wconf 86' lang='lat' dir='ltr'>etiam</span> <span class='ocrx_word' id='word_1_98' title='bbox 392 1432 577 1514; x_wconf 78' lang='lat' dir='ltr'>perdidisset,</span> <span class='ocrx_word' id='word_1_99' title='bbox 607 1448 747 1509; x_wconf 90' lang='lat' dir='ltr'>tantam,</span> <span class='ocrx_word' id='word_1_100' title='bbox 776 1453 811 1494; x_wconf 90' lang='lat' dir='ltr'>ac</span> <span class='ocrx_word' id='word_1_101' title='bbox 840 1450 901 1496; x_wconf 83' lang='lat' dir='ltr'>tant</span> <span class='ocrx_word' id='word_1_102' title='bbox 930 1433 1094 1512; x_wconf 78' lang='lat' dir='ltr'>expeditam</span> <span class='ocrx_word' id='word_1_103' title='bbox 1119 1433 1238 1514; x_wconf 80' lang='lat' dir='ltr'>pecunia</span> 
     </span>
     <span class='ocr_line' id='line_1_14' title="bbox 192 1511 1237 1595; baseline -0.002 -19"><span class='ocrx_word' id='word_1_104' title='bbox 192 1523 194 1527; x_wconf 80' lang='grc'>’</span> <span class='ocrx_word' id='word_1_105' title='bbox 278 1514 343 1576; x_wconf 89' lang='lat' dir='ltr'>vim</span> <span class='ocrx_word' id='word_1_106' title='bbox 365 1514 478 1577; x_wconf 82' lang='lat' dir='ltr'>credere</span> <span class='ocrx_word' id='word_1_107' title='bbox 498 1513 529 1573; x_wconf 90' lang='lat' dir='ltr'>in</span> <span class='ocrx_word' id='word_1_108' title='bbox 551 1513 683 1574; x_wconf 91' lang='lat' dir='ltr'>animum</span> <span class='ocrx_word' id='word_1_109' title='bbox 705 1513 885 1576; x_wconf 83' lang='lat' dir='ltr'>induxisset?</span> <span class='ocrx_word' id='word_1_110' title='bbox 908 1511 1067 1588; x_wconf 71' lang='lat' dir='ltr'>Profeflo,</span> <span class='ocrx_word' id='word_1_111' title='bbox 1087 1511 1237 1595; x_wconf 72' lang='lat' dir='ltr'>[quetua</span> 
     </span>
     <span class='ocr_line' id='line_1_15' title="bbox 276 1592 1235 1675; baseline 0 -22"><span class='ocrx_word' id='word_1_112' title='bbox 276 1593 433 1674; x_wconf 88' lang='lat' dir='ltr'>prudentia</span> <span class='ocrx_word' id='word_1_113' title='bbox 453 1592 520 1675; x_wconf 90' lang='lat' dir='ltr'>est]</span> <span class='ocrx_word' id='word_1_114' title='bbox 542 1614 601 1655; x_wconf 92' lang='lat' dir='ltr'>non</span> <span class='ocrx_word' id='word_1_115' title='bbox 622 1593 823 1674; x_wconf 82' lang='lat' dir='ltr'>respondebis:</span> <span class='ocrx_word' id='word_1_116' title='bbox 845 1609 878 1655; x_wconf 92' lang='lat' dir='ltr'>ut</span> <span class='ocrx_word' id='word_1_117' title='bbox 894 1593 1044 1675; x_wconf 86' lang='lat' dir='ltr'>sequatur,</span> <span class='ocrx_word' id='word_1_118' title='bbox 1065 1609 1119 1654; x_wconf 91' lang='lat' dir='ltr'>aut</span> <span class='ocrx_word' id='word_1_119' title='bbox 1134 1592 1235 1654; x_wconf 88' lang='lat' dir='ltr'>nullam</span> 
     </span>
     <span class='ocr_line' id='line_1_16' title="bbox 276 1670 1235 1749; baseline -0.002 -15"><span class='ocrx_word' id='word_1_120' title='bbox 276 1674 352 1734; x_wconf 89' lang='lat' dir='ltr'>mihi</span> <span class='ocrx_word' id='word_1_121' title='bbox 373 1693 440 1736; x_wconf 87' lang='lat' dir='ltr'>cum</span> <span class='ocrx_word' id='word_1_122' title='bbox 464 1673 516 1734; x_wconf 84' lang='lat' dir='ltr'>illo</span> <span class='ocrx_word' id='word_1_123' title='bbox 538 1689 652 1735; x_wconf 89' lang='lat' dir='ltr'>tantam</span> <span class='ocrx_word' id='word_1_124' title='bbox 673 1673 835 1734; x_wconf 87' lang='lat' dir='ltr'>amicitiam</span> <span class='ocrx_word' id='word_1_125' title='bbox 854 1671 952 1744; x_wconf 86' lang='lat' dir='ltr'>fuisse,</span> <span class='ocrx_word' id='word_1_126' title='bbox 973 1688 1045 1749; x_wconf 90' lang='lat' dir='ltr'>aut,</span> <span class='ocrx_word' id='word_1_127' title='bbox 1064 1671 1086 1732; x_wconf 83' lang='lat' dir='ltr'>si</span> <span class='ocrx_word' id='word_1_128' title='bbox 1106 1670 1187 1748; x_wconf 90' lang='lat' dir='ltr'>fuit,</span> <span class='ocrx_word' id='word_1_129' title='bbox 1204 1673 1235 1733; x_wconf 89' lang='lat' dir='ltr'>de</span> 
     </span>
     <span class='ocr_line' id='line_1_17' title="bbox 277 1750 1234 1834; baseline 0.001 -22"><span class='ocrx_word' id='word_1_130' title='bbox 277 1754 360 1832; x_wconf 86' lang='lat' dir='ltr'>capsa</span> <span class='ocrx_word' id='word_1_131' title='bbox 380 1753 502 1814; x_wconf 91' lang='lat' dir='ltr'>omnino</span> <span class='ocrx_word' id='word_1_132' title='bbox 522 1753 729 1832; x_wconf 81' lang='lat' dir='ltr'>nugatorium,</span> <span class='ocrx_word' id='word_1_133' title='bbox 751 1751 880 1816; x_wconf 70' lang='lat' dir='ltr'>affinem</span> <span class='ocrx_word' id='word_1_134' title='bbox 897 1798 907 1828; x_wconf 93' lang='lat'>,</span> <span class='ocrx_word' id='word_1_135' title='bbox 927 1750 1091 1834; x_wconf 89' lang='lat' dir='ltr'>falsumque</span> <span class='ocrx_word' id='word_1_136' title='bbox 1111 1751 1179 1814; x_wconf 85' lang='lat' dir='ltr'>else.</span> <span class='ocrx_word' id='word_1_137' title='bbox 1196 1754 1234 1813; x_wconf 84' lang='lat'>0-</span> 
     </span>
     <span class='ocr_line' id='line_1_18' title="bbox 276 1828 1234 1914; baseline 0 -23"><span class='ocrx_word' id='word_1_138' title='bbox 276 1831 393 1893; x_wconf 86' lang='lat' dir='ltr'>mnibus</span> <span class='ocrx_word' id='word_1_139' title='bbox 415 1831 599 1904; x_wconf 87' lang='lat' dir='ltr'>hominibus,</span> <span class='ocrx_word' id='word_1_140' title='bbox 620 1832 774 1914; x_wconf 85' lang='lat' dir='ltr'>Princeps,</span> <span class='ocrx_word' id='word_1_141' title='bbox 795 1833 929 1912; x_wconf 83' lang='lat' dir='ltr'>proxima</span> <span class='ocrx_word' id='word_1_142' title='bbox 950 1851 1073 1893; x_wconf 89' lang='lat' dir='ltr'>unates</span> <span class='ocrx_word' id='word_1_143' title='bbox 1095 1831 1181 1892; x_wconf 86' lang='lat' dir='ltr'>saluti</span> <span class='ocrx_word' id='word_1_144' title='bbox 1198 1828 1234 1892; x_wconf 82' lang='lat' dir='ltr'>ell</span> 
     </span>
     <span class='ocr_line' id='line_1_19' title="bbox 277 1908 1235 1991; baseline 0.001 -21"><span class='ocrx_word' id='word_1_145' title='bbox 277 1912 426 1991; x_wconf 72' lang='lat' dir='ltr'>pecunia,</span> <span class='ocrx_word' id='word_1_146' title='bbox 453 1911 552 1983; x_wconf 84' lang='lat' dir='ltr'>Judaeo</span> <span class='ocrx_word' id='word_1_147' title='bbox 579 1926 676 1972; x_wconf 91' lang='lat' dir='ltr'>autem</span> <span class='ocrx_word' id='word_1_148' title='bbox 698 1912 788 1973; x_wconf 91' lang='lat' dir='ltr'>etiam</span> <span class='ocrx_word' id='word_1_149' title='bbox 811 1931 878 1972; x_wconf 90' lang='lat' dir='ltr'>cum</span> <span class='ocrx_word' id='word_1_150' title='bbox 900 1911 990 1974; x_wconf 88' lang='lat' dir='ltr'>salute</span> <span class='ocrx_word' id='word_1_151' title='bbox 1009 1908 1235 1981; x_wconf 77' lang='lat' dir='ltr'>eonjunfflffma</span> 
     </span>
     <span class='ocr_line' id='line_1_20' title="bbox 275 1989 1232 2073; baseline 0.001 -23"><span class='ocrx_word' id='word_1_152' title='bbox 275 1989 333 2051; x_wconf 87' lang='lat' dir='ltr'>est.</span> <span class='ocrx_word' id='word_1_153' title='bbox 354 1989 430 2051; x_wconf 83' lang='lat' dir='ltr'>Eam</span> <span class='ocrx_word' id='word_1_154' title='bbox 450 1991 529 2053; x_wconf 90' lang='lat' dir='ltr'>enim</span> <span class='ocrx_word' id='word_1_155' title='bbox 551 1989 571 2052; x_wconf 86' lang='lat' dir='ltr'>fi</span> <span class='ocrx_word' id='word_1_156' title='bbox 593 1990 637 2052; x_wconf 87' lang='lat' dir='ltr'>illi</span> <span class='ocrx_word' id='word_1_157' title='bbox 659 1990 928 2065; x_wconf 87' lang='lat' dir='ltr'>adimas,auimam</span> <span class='ocrx_word' id='word_1_158' title='bbox 949 1991 1111 2062; x_wconf 78' lang='lat' dir='ltr'>ademeris;</span> <span class='ocrx_word' id='word_1_159' title='bbox 1131 1992 1232 2073; x_wconf 81' lang='lat' dir='ltr'>quippo</span> 
     </span>
    </p>

    <p class='ocr_par' dir='ltr' id='par_1_2' title="bbox 265 2069 1271 3915">
     <span class='ocr_line' id='line_1_21' title="bbox 297 2069 1232 2153; baseline 0 -23"><span class='ocrx_word' id='word_1_160' title='bbox 297 2069 326 2130; x_wconf 92' lang='lat' dir='ltr'>ui</span> <span class='ocrx_word' id='word_1_161' title='bbox 348 2071 379 2132; x_wconf 91' lang='lat' dir='ltr'>in</span> <span class='ocrx_word' id='word_1_162' title='bbox 400 2089 435 2132; x_wconf 88' lang='lat' dir='ltr'>ea</span> <span class='ocrx_word' id='word_1_163' title='bbox 455 2069 633 2152; x_wconf 80' lang='lat' dir='ltr'>polselslones</span> <span class='ocrx_word' id='word_1_164' title='bbox 655 2070 736 2146; x_wconf 88' lang='lat' dir='ltr'>suas,</span> <span class='ocrx_word' id='word_1_165' title='bbox 754 2070 826 2132; x_wconf 81' lang='lat' dir='ltr'>aedes</span> <span class='ocrx_word' id='word_1_166' title='bbox 845 2115 854 2145; x_wconf 93' lang='lat'>,</span> <span class='ocrx_word' id='word_1_167' title='bbox 874 2089 1033 2153; x_wconf 88' lang='lat' dir='ltr'>proventus</span> <span class='ocrx_word' id='word_1_168' title='bbox 1054 2091 1175 2146; x_wconf 87' lang='lat' dir='ltr'>omnes,</span> <span class='ocrx_word' id='word_1_169' title='bbox 1193 2069 1232 2132; x_wconf 68' lang='lat' dir='ltr'>viv</span> 
     </span>
     <span class='ocr_line' id='line_1_22' title="bbox 274 2089 1231 2292; baseline 0.001 -81"><span class='ocrx_word' id='word_1_170' title='bbox 274 2089 411 2234; x_wconf 52' lang='lat' dir='ltr'>{bamque</span> <span class='ocrx_word' id='word_1_171' title='bbox 430 2151 555 2292; x_wconf 69' lang='lat' dir='ltr'>denitpue</span> <span class='ocrx_word' id='word_1_172' title='bbox 576 2149 664 2213; x_wconf 87' lang='lat' dir='ltr'>habet</span> <span class='ocrx_word' id='word_1_173' title='bbox 684 2153 885 2213; x_wconf 90' lang='lat' dir='ltr'>collocatum.</span> <span class='ocrx_word' id='word_1_174' title='bbox 916 2152 957 2212; x_wconf 88' lang='lat' dir='ltr'>Et</span> <span class='ocrx_word' id='word_1_175' title='bbox 977 2170 1035 2232; x_wconf 85' lang='lat' dir='ltr'>ego</span> <span class='ocrx_word' id='word_1_176' title='bbox 1055 2170 1153 2214; x_wconf 87' lang='lat' dir='ltr'>meam</span> <span class='ocrx_word' id='word_1_177' title='bbox 1174 2165 1231 2212; x_wconf 64' lang='lat' dir='ltr'>tana</span> 
     </span>
     <span class='ocr_line' id='line_1_23' title="bbox 273 2229 1229 2312; baseline -0.001 -21"><span class='ocrx_word' id='word_1_178' title='bbox 273 2244 361 2305; x_wconf 88' lang='lat' dir='ltr'>tam,</span> <span class='ocrx_word' id='word_1_179' title='bbox 389 2231 438 2294; x_wconf 90' lang='lat' dir='ltr'>vel</span> <span class='ocrx_word' id='word_1_180' title='bbox 459 2252 509 2292; x_wconf 90' lang='lat' dir='ltr'>mu</span> <span class='ocrx_word' id='word_1_181' title='bbox 523 2247 555 2293; x_wconf 92' lang='lat' dir='ltr'>to</span> <span class='ocrx_word' id='word_1_182' title='bbox 573 2233 664 2292; x_wconf 89' lang='lat' dir='ltr'>etiam</span> <span class='ocrx_word' id='word_1_183' title='bbox 686 2232 854 2306; x_wconf 88' lang='lat' dir='ltr'>minorem,</span> <span class='ocrx_word' id='word_1_184' title='bbox 883 2247 945 2292; x_wconf 91' lang='lat' dir='ltr'>tam</span> <span class='ocrx_word' id='word_1_185' title='bbox 973 2232 1109 2312; x_wconf 86' lang='lat' dir='ltr'>nequiter</span> <span class='ocrx_word' id='word_1_186' title='bbox 1128 2232 1159 2291; x_wconf 93' lang='lat' dir='ltr'>in</span> <span class='ocrx_word' id='word_1_187' title='bbox 1181 2229 1229 2290; x_wconf 90' lang='lat' dir='ltr'>illo</span> 
     </span>
     <span class='ocr_line' id='line_1_24' title="bbox 271 2307 1227 2392; baseline -0.001 -20"><span class='ocrx_word' id='word_1_188' title='bbox 271 2309 416 2372; x_wconf 81' lang='lat' dir='ltr'>nebulone</span> <span class='ocrx_word' id='word_1_189' title='bbox 437 2307 666 2391; x_wconf 79' lang='lat' dir='ltr'>absumplissem?</span> <span class='ocrx_word' id='word_1_190' title='bbox 686 2326 747 2371; x_wconf 90' lang='lat' dir='ltr'>tam</span> <span class='ocrx_word' id='word_1_191' title='bbox 763 2309 873 2391; x_wconf 89' lang='lat' dir='ltr'>perdite</span> <span class='ocrx_word' id='word_1_192' title='bbox 892 2308 1105 2391; x_wconf 81' lang='lat' dir='ltr'>profudissem?</span> <span class='ocrx_word' id='word_1_193' title='bbox 1127 2328 1227 2392; x_wconf 84' lang='lat' dir='ltr'>quam,</span> 
     </span>
     <span class='ocr_line' id='line_1_25' title="bbox 270 2389 1226 2471; baseline -0.001 -20"><span class='ocrx_word' id='word_1_194' title='bbox 270 2390 323 2451; x_wconf 85' lang='lat' dir='ltr'>vix</span> <span class='ocrx_word' id='word_1_195' title='bbox 345 2389 451 2453; x_wconf 86' lang='lat' dir='ltr'>fiducia</span> <span class='ocrx_word' id='word_1_196' title='bbox 472 2408 605 2471; x_wconf 89' lang='lat' dir='ltr'>accepta,</span> <span class='ocrx_word' id='word_1_197' title='bbox 628 2390 928 2471; x_wconf 81' lang='lat' dir='ltr'>multiplicatisetiam</span> <span class='ocrx_word' id='word_1_198' title='bbox 945 2391 1051 2466; x_wconf 84' lang='lat' dir='ltr'>usuris,</span> <span class='ocrx_word' id='word_1_199' title='bbox 1071 2409 1226 2453; x_wconf 68' lang='lat' dir='ltr'>actorum</span> 
     </span>
     <span class='ocr_line' id='line_1_26' title="bbox 274 2469 1228 2552; baseline 0.001 -23"><span class='ocrx_word' id='word_1_200' title='bbox 274 2471 403 2545; x_wconf 87' lang='lat' dir='ltr'>damus,</span> <span class='ocrx_word' id='word_1_201' title='bbox 435 2492 489 2552; x_wconf 87' lang='lat' dir='ltr'>ego</span> <span class='ocrx_word' id='word_1_202' title='bbox 509 2491 574 2532; x_wconf 87' lang='lat' dir='ltr'>eam</span> <span class='ocrx_word' id='word_1_203' title='bbox 596 2469 760 2552; x_wconf 82' lang='lat' dir='ltr'>turpiffimo</span> <span class='ocrx_word' id='word_1_204' title='bbox 788 2470 931 2531; x_wconf 67' lang='lat' dir='ltr'>decollari</span> <span class='ocrx_word' id='word_1_205' title='bbox 959 2485 1022 2530; x_wconf 91' lang='lat' dir='ltr'>tam</span> <span class='ocrx_word' id='word_1_206' title='bbox 1050 2470 1156 2552; x_wconf 84' lang='lat' dir='ltr'>large,</span> <span class='ocrx_word' id='word_1_207' title='bbox 1176 2485 1228 2530; x_wconf 84' lang='lat' dir='ltr'>tatu</span> 
     </span>
     <span class='ocr_line' id='line_1_27' title="bbox 272 2548 1225 2631; baseline -0.001 -21"><span class='ocrx_word' id='word_1_208' title='bbox 272 2549 430 2628; x_wconf 87' lang='lat' dir='ltr'>improbe,</span> <span class='ocrx_word' id='word_1_209' title='bbox 459 2568 520 2611; x_wconf 90' lang='lat' dir='ltr'>tam</span> <span class='ocrx_word' id='word_1_210' title='bbox 543 2551 589 2610; x_wconf 92' lang='lat' dir='ltr'>ine</span> <span class='ocrx_word' id='word_1_211' title='bbox 612 2565 639 2611; x_wconf 92' lang='lat' dir='ltr'>te</span> <span class='ocrx_word' id='word_1_212' title='bbox 660 2548 870 2630; x_wconf 85' lang='lat' dir='ltr'>prodidissem?</span> <span class='ocrx_word' id='word_1_213' title='bbox 900 2551 968 2611; x_wconf 85' lang='lat' dir='ltr'>Hoc</span> <span class='ocrx_word' id='word_1_214' title='bbox 994 2566 1069 2631; x_wconf 90' lang='lat' dir='ltr'>puto</span> <span class='ocrx_word' id='word_1_215' title='bbox 1090 2551 1164 2612; x_wconf 91' lang='lat' dir='ltr'>nulli</span> <span class='ocrx_word' id='word_1_216' title='bbox 1183 2551 1225 2610; x_wconf 89' lang='lat' dir='ltr'>bo·</span> 
     </span>
     <span class='ocr_line' id='line_1_28' title="bbox 271 2570 1221 2714; baseline 0 -26"><span class='ocrx_word' id='word_1_217' title='bbox 271 2630 365 2702; x_wconf 89' lang='lat' dir='ltr'>mini,</span> <span class='ocrx_word' id='word_1_218' title='bbox 385 2630 435 2709; x_wconf 91' lang='lat' dir='ltr'>qui</span> <span class='ocrx_word' id='word_1_219' title='bbox 452 2631 572 2699; x_wconf 87' lang='lat' dir='ltr'>alicujus</span> <span class='ocrx_word' id='word_1_220' title='bbox 587 2570 621 2690; x_wconf 70' lang='lat' dir='ltr'>lit</span> <span class='ocrx_word' id='word_1_221' title='bbox 642 2631 766 2703; x_wconf 87' lang='lat' dir='ltr'>mentis,</span> <span class='ocrx_word' id='word_1_222' title='bbox 782 2629 975 2692; x_wconf 90' lang='lat' dir='ltr'>omninoveri</span> <span class='ocrx_word' id='word_1_223' title='bbox 991 2631 1152 2714; x_wconf 89' lang='lat' dir='ltr'>quicquam</span> <span class='ocrx_word' id='word_1_224' title='bbox 1168 2627 1221 2691; x_wconf 88' lang='lat' dir='ltr'>fieri</span> 
     </span>
     <span class='ocr_line' id='line_1_29' title="bbox 272 2706 1236 2781; baseline 0.001 -14"><span class='ocrx_word' id='word_1_225' title='bbox 272 2706 387 2767; x_wconf 81' lang='lat' dir='ltr'>simile.</span> <span class='ocrx_word' id='word_1_226' title='bbox 416 2709 555 2769; x_wconf 73' lang='lat' dir='ltr'>Praeterea</span> <span class='ocrx_word' id='word_1_227' title='bbox 576 2727 646 2770; x_wconf 86' lang='lat' dir='ltr'>vero</span> <span class='ocrx_word' id='word_1_228' title='bbox 666 2709 687 2770; x_wconf 81' lang='lat' dir='ltr'>fr</span> <span class='ocrx_word' id='word_1_229' title='bbox 707 2729 741 2769; x_wconf 87' lang='lat' dir='ltr'>ea</span> <span class='ocrx_word' id='word_1_230' title='bbox 764 2710 841 2769; x_wconf 88' lang='lat' dir='ltr'>inter</span> <span class='ocrx_word' id='word_1_231' title='bbox 862 2730 913 2771; x_wconf 90' lang='lat' dir='ltr'>nos</span> <span class='ocrx_word' id='word_1_232' title='bbox 935 2710 1066 2772; x_wconf 84' lang='lat' dir='ltr'>amicitia</span> <span class='ocrx_word' id='word_1_233' title='bbox 1087 2707 1236 2781; x_wconf 81' lang='lat' dir='ltr'>conjuntti.</span> 
     </span>
     <span class='ocr_line' id='line_1_30' title="bbox 272 2786 1223 2867; baseline 0.002 -21"><span class='ocrx_word' id='word_1_234' title='bbox 272 2786 397 2859; x_wconf 87' lang='lat' dir='ltr'>fumus,</span> <span class='ocrx_word' id='word_1_235' title='bbox 428 2806 516 2867; x_wconf 88' lang='lat' dir='ltr'>quant</span> <span class='ocrx_word' id='word_1_236' title='bbox 538 2787 588 2848; x_wconf 88' lang='lat' dir='ltr'>iste</span> <span class='ocrx_word' id='word_1_237' title='bbox 609 2809 667 2848; x_wconf 93' lang='lat' dir='ltr'>non</span> <span class='ocrx_word' id='word_1_238' title='bbox 689 2788 774 2849; x_wconf 84' lang='lat' dir='ltr'>cessat</span> <span class='ocrx_word' id='word_1_239' title='bbox 794 2787 947 2867; x_wconf 72' lang='lat' dir='ltr'>praedicare</span> <span class='ocrx_word' id='word_1_240' title='bbox 968 2791 1152 2864; x_wconf 85' lang='lat' dir='ltr'>maximam,</span> <span class='ocrx_word' id='word_1_241' title='bbox 1180 2807 1223 2850; x_wconf 89' lang='lat' dir='ltr'>cut</span> 
     </span>
     <span class='ocr_line' id='line_1_31' title="bbox 269 2865 1221 2949; baseline 0.002 -23"><span class='ocrx_word' id='word_1_242' title='bbox 269 2882 324 2946; x_wconf 83' lang='lat' dir='ltr'>ego</span> <span class='ocrx_word' id='word_1_243' title='bbox 345 2865 485 2928; x_wconf 87' lang='lat' dir='ltr'>continuo</span> <span class='ocrx_word' id='word_1_244' title='bbox 505 2887 572 2928; x_wconf 89' lang='lat' dir='ltr'>cunt</span> <span class='ocrx_word' id='word_1_245' title='bbox 593 2887 629 2928; x_wconf 89' lang='lat' dir='ltr'>eo</span> <span class='ocrx_word' id='word_1_246' title='bbox 649 2867 739 2928; x_wconf 89' lang='lat' dir='ltr'>libere</span> <span class='ocrx_word' id='word_1_247' title='bbox 759 2887 819 2928; x_wconf 94' lang='lat' dir='ltr'>non</span> <span class='ocrx_word' id='word_1_248' title='bbox 840 2878 915 2949; x_wconf 82' lang='lat' dir='ltr'>ago?</span> <span class='ocrx_word' id='word_1_249' title='bbox 938 2891 989 2932; x_wconf 89' lang='lat' dir='ltr'>cut</span> <span class='ocrx_word' id='word_1_250' title='bbox 1003 2888 1064 2931; x_wconf 84' lang='lat' dir='ltr'>rent</span> <span class='ocrx_word' id='word_1_251' title='bbox 1087 2884 1179 2932; x_wconf 87' lang='lat' dir='ltr'>totam</span> <span class='ocrx_word' id='word_1_252' title='bbox 1196 2888 1221 2928; x_wconf 88' lang='lat' dir='ltr'>a·</span> 
     </span>
     <span class='ocr_line' id='line_1_32' title="bbox 271 2943 1222 3030; baseline 0.001 -23"><span class='ocrx_word' id='word_1_253' title='bbox 271 2943 423 3007; x_wconf 82' lang='lat' dir='ltr'>micisstnto</span> <span class='ocrx_word' id='word_1_254' title='bbox 443 2945 556 3008; x_wconf 92' lang='lat' dir='ltr'>homini</span> <span class='ocrx_word' id='word_1_255' title='bbox 578 2967 637 3007; x_wconf 91' lang='lat' dir='ltr'>non</span> <span class='ocrx_word' id='word_1_256' title='bbox 658 2945 776 3030; x_wconf 83' lang='lat' dir='ltr'>aperio?</span> <span class='ocrx_word' id='word_1_257' title='bbox 797 2969 848 3009; x_wconf 90' lang='lat' dir='ltr'>cur</span> <span class='ocrx_word' id='word_1_258' title='bbox 868 2949 954 3011; x_wconf 91' lang='lat' dir='ltr'>illum</span> <span class='ocrx_word' id='word_1_259' title='bbox 975 2950 1006 3010; x_wconf 88' lang='lat' dir='ltr'>itt</span> <span class='ocrx_word' id='word_1_260' title='bbox 1027 2967 1127 3012; x_wconf 90' lang='lat' dir='ltr'>meum</span> <span class='ocrx_word' id='word_1_261' title='bbox 1144 2948 1222 3010; x_wconf 88' lang='lat' dir='ltr'>etiam</span> 
     </span>
     <span class='ocr_line' id='line_1_33' title="bbox 271 3025 1222 3111; baseline 0 -24"><span class='ocrx_word' id='word_1_262' title='bbox 271 3025 423 3087; x_wconf 84' lang='lat' dir='ltr'>confrlium</span> <span class='ocrx_word' id='word_1_263' title='bbox 445 3047 505 3088; x_wconf 92' lang='lat' dir='ltr'>non</span> <span class='ocrx_word' id='word_1_264' title='bbox 527 3025 670 3099; x_wconf 81' lang='lat' dir='ltr'>adhibe03</span> <span class='ocrx_word' id='word_1_265' title='bbox 693 3043 726 3089; x_wconf 91' lang='lat' dir='ltr'>ut</span> <span class='ocrx_word' id='word_1_266' title='bbox 746 3027 803 3088; x_wconf 91' lang='lat' dir='ltr'>hoc</span> <span class='ocrx_word' id='word_1_267' title='bbox 824 3029 913 3092; x_wconf 90' lang='lat' dir='ltr'>modo</span> <span class='ocrx_word' id='word_1_268' title='bbox 934 3029 1033 3111; x_wconf 85' lang='lat' dir='ltr'>potius</span> <span class='ocrx_word' id='word_1_269' title='bbox 1052 3050 1088 3090; x_wconf 85' lang='lat' dir='ltr'>ex</span> <span class='ocrx_word' id='word_1_270' title='bbox 1109 3025 1222 3093; x_wconf 77' lang='lat' dir='ltr'>fideliss·</span> 
     </span>
     <span class='ocr_line' id='line_1_34' title="bbox 266 3106 1220 3191; baseline -0.002 -23"><span class='ocrx_word' id='word_1_271' title='bbox 266 3126 319 3168; x_wconf 88' lang='lat' dir='ltr'>nto</span> <span class='ocrx_word' id='word_1_272' title='bbox 342 3107 438 3169; x_wconf 86' lang='lat' dir='ltr'>multo</span> <span class='ocrx_word' id='word_1_273' title='bbox 460 3109 548 3170; x_wconf 88' lang='lat' dir='ltr'>etiam</span> <span class='ocrx_word' id='word_1_274' title='bbox 570 3107 646 3168; x_wconf 88' lang='lat' dir='ltr'>milti</span> <span class='ocrx_word' id='word_1_275' title='bbox 666 3106 825 3170; x_wconf 86' lang='lat' dir='ltr'>fideliorem</span> <span class='ocrx_word' id='word_1_276' title='bbox 847 3108 990 3183; x_wconf 85' lang='lat' dir='ltr'>efficiam,</span> <span class='ocrx_word' id='word_1_277' title='bbox 1011 3128 1103 3191; x_wconf 89' lang='lat' dir='ltr'>quarn</span> <span class='ocrx_word' id='word_1_278' title='bbox 1120 3108 1172 3171; x_wconf 91' lang='lat' dir='ltr'>illo</span> <span class='ocrx_word' id='word_1_279' title='bbox 1185 3106 1220 3166; x_wconf 80' lang='lat' dir='ltr'>fu-</span> 
     </span>
     <span class='ocr_line' id='line_1_35' title="bbox 268 3186 1222 3270; baseline -0.002 -23"><span class='ocrx_word' id='word_1_280' title='bbox 268 3186 441 3267; x_wconf 87' lang='lat' dir='ltr'>spiciosum?</span> <span class='ocrx_word' id='word_1_281' title='bbox 462 3189 512 3270; x_wconf 91' lang='lat' dir='ltr'>qui</span> <span class='ocrx_word' id='word_1_282' title='bbox 534 3188 609 3249; x_wconf 85' lang='lat' dir='ltr'>hanc</span> <span class='ocrx_word' id='word_1_283' title='bbox 630 3187 793 3263; x_wconf 75' lang='lat' dir='ltr'>amicitie,</span> <span class='ocrx_word' id='word_1_284' title='bbox 813 3209 847 3250; x_wconf 89' lang='lat' dir='ltr'>ac</span> <span class='ocrx_word' id='word_1_285' title='bbox 866 3187 933 3249; x_wconf 86' lang='lat' dir='ltr'>fidei</span> <span class='ocrx_word' id='word_1_286' title='bbox 955 3189 1009 3250; x_wconf 85' lang='lat' dir='ltr'>suae</span> <span class='ocrx_word' id='word_1_287' title='bbox 1030 3186 1166 3258; x_wconf 77' lang='lat' dir='ltr'>iniuriam</span> <span class='ocrx_word' id='word_1_288' title='bbox 1185 3187 1222 3246; x_wconf 90' lang='lat' dir='ltr'>in-</span> 
     </span>
     <span class='ocr_line' id='line_1_36' title="bbox 267 3265 1220 3350; baseline -0.002 -23"><span class='ocrx_word' id='word_1_289' title='bbox 267 3268 355 3345; x_wconf 85' lang='lat' dir='ltr'>digne</span> <span class='ocrx_word' id='word_1_290' title='bbox 375 3266 478 3329; x_wconf 74' lang='lat' dir='ltr'>saetam</span> <span class='ocrx_word' id='word_1_291' title='bbox 491 3265 723 3342; x_wconf 88' lang='lat' dir='ltr'>molelleferens,</span> <span class='ocrx_word' id='word_1_292' title='bbox 745 3287 825 3344; x_wconf 89' lang='lat' dir='ltr'>rem,</span> <span class='ocrx_word' id='word_1_293' title='bbox 844 3267 1031 3350; x_wconf 82' lang='lat' dir='ltr'>posteaquam</span> <span class='ocrx_word' id='word_1_294' title='bbox 1041 3268 1161 3348; x_wconf 89' lang='lat' dir='ltr'>autipse</span> <span class='ocrx_word' id='word_1_295' title='bbox 1177 3266 1220 3326; x_wconf 87' lang='lat' dir='ltr'>sua</span> 
     </span>
     <span class='ocr_line' id='line_1_37' title="bbox 267 3345 1219 3428; baseline 0.001 -25"><span class='ocrx_word' id='word_1_296' title='bbox 267 3345 383 3406; x_wconf 90' lang='lat' dir='ltr'>malitia</span> <span class='ocrx_word' id='word_1_297' title='bbox 404 3348 474 3428; x_wconf 90' lang='lat' dir='ltr'>quid</span> <span class='ocrx_word' id='word_1_298' title='bbox 495 3348 629 3421; x_wconf 87' lang='lat' dir='ltr'>molirer,</span> <span class='ocrx_word' id='word_1_299' title='bbox 652 3347 808 3428; x_wconf 84' lang='lat' dir='ltr'>suspicatus</span> <span class='ocrx_word' id='word_1_300' title='bbox 826 3347 910 3422; x_wconf 90' lang='lat' dir='ltr'>esset,</span> <span class='ocrx_word' id='word_1_301' title='bbox 931 3365 1021 3410; x_wconf 86' lang='lat' dir='ltr'>anta</span> <span class='ocrx_word' id='word_1_302' title='bbox 1041 3368 1088 3410; x_wconf 90' lang='lat' dir='ltr'>me</span> <span class='ocrx_word' id='word_1_303' title='bbox 1109 3345 1219 3409; x_wconf 87' lang='lat' dir='ltr'>tandem</span> 
     </span>
     <span class='ocr_line' id='line_1_38' title="bbox 267 3425 1222 3501; baseline -0.002 -15"><span class='ocrx_word' id='word_1_304' title='bbox 267 3425 361 3486; x_wconf 89' lang='lat' dir='ltr'>amice</span> <span class='ocrx_word' id='word_1_305' title='bbox 383 3426 590 3501; x_wconf 83' lang='lat' dir='ltr'>intellexisset,</span> <span class='ocrx_word' id='word_1_306' title='bbox 620 3428 656 3489; x_wconf 86' lang='lat' dir='ltr'>ad</span> <span class='ocrx_word' id='word_1_307' title='bbox 679 3428 833 3489; x_wconf 90' lang='lat' dir='ltr'>inimicum</span> <span class='ocrx_word' id='word_1_308' title='bbox 855 3447 953 3488; x_wconf 89' lang='lat' dir='ltr'>meum</span> <span class='ocrx_word' id='word_1_309' title='bbox 976 3426 1121 3490; x_wconf 88' lang='lat' dir='ltr'>deferret?</span> <span class='ocrx_word' id='word_1_310' title='bbox 1141 3425 1222 3488; x_wconf 82' lang='lat' dir='ltr'>conli-</span> 
     </span>
     <span class='ocr_line' id='line_1_39' title="bbox 268 3503 1221 3586; baseline 0 -22"><span class='ocrx_word' id='word_1_311' title='bbox 268 3503 340 3564; x_wconf 90' lang='lat' dir='ltr'>lium</span> <span class='ocrx_word' id='word_1_312' title='bbox 362 3523 461 3564; x_wconf 83' lang='lat' dir='ltr'>meunt</span> <span class='ocrx_word' id='word_1_313' title='bbox 484 3505 681 3586; x_wconf 83' lang='lat' dir='ltr'>patefaceret?</span> <span class='ocrx_word' id='word_1_314' title='bbox 709 3507 784 3569; x_wconf 90' lang='lat' dir='ltr'>mihi</span> <span class='ocrx_word' id='word_1_315' title='bbox 805 3507 919 3569; x_wconf 80' lang='lat' dir='ltr'>infidias</span> <span class='ocrx_word' id='word_1_316' title='bbox 940 3505 1069 3569; x_wconf 88' lang='lat' dir='ltr'>faceret?</span> <span class='ocrx_word' id='word_1_317' title='bbox 1100 3525 1155 3581; x_wconf 92' lang='lat' dir='ltr'>ut,</span> <span class='ocrx_word' id='word_1_318' title='bbox 1175 3521 1221 3567; x_wconf 87' lang='lat' dir='ltr'>aut</span> 
     </span>
     <span class='ocr_line' id='line_1_40' title="bbox 265 3580 1271 3668; baseline -0.001 -22"><span class='ocrx_word' id='word_1_319' title='bbox 265 3580 311 3646; x_wconf 82' lang='lat' dir='ltr'>illi</span> <span class='ocrx_word' id='word_1_320' title='bbox 334 3583 388 3642; x_wconf 88' lang='lat' dir='ltr'>boc</span> <span class='ocrx_word' id='word_1_321' title='bbox 409 3585 496 3645; x_wconf 90' lang='lat' dir='ltr'>modo</span> <span class='ocrx_word' id='word_1_322' title='bbox 517 3587 612 3648; x_wconf 90' lang='lat' dir='ltr'>multo</span> <span class='ocrx_word' id='word_1_323' title='bbox 634 3603 727 3661; x_wconf 90' lang='lat' dir='ltr'>ante,</span> <span class='ocrx_word' id='word_1_324' title='bbox 750 3603 802 3648; x_wconf 90' lang='lat' dir='ltr'>aut</span> <span class='ocrx_word' id='word_1_325' title='bbox 822 3586 922 3649; x_wconf 85' lang='lat' dir='ltr'>saltent</span> <span class='ocrx_word' id='word_1_326' title='bbox 944 3607 1011 3648; x_wconf 88' lang='lat' dir='ltr'>cum</span> <span class='ocrx_word' id='word_1_327' title='bbox 1034 3588 1159 3668; x_wconf 86' lang='lat' dir='ltr'>pecunia</span> <span class='ocrx_word' id='word_1_328' title='bbox 1184 3585 1220 3645; x_wconf 83' lang='lat' dir='ltr'>d·</span> <span class='ocrx_word' id='word_1_329' title='bbox 1267 3658 1271 3665; x_wconf 31' lang='grc' dir='ltr'>Ι</span> 
     </span>
     <span class='ocr_line' id='line_1_41' title="bbox 266 3667 1219 3748; baseline -0.001 -23"><span class='ocrx_word' id='word_1_330' title='bbox 266 3679 491 3736; x_wconf 85' lang='lat' dir='ltr'>numeraretur,</span> <span class='ocrx_word' id='word_1_331' title='bbox 518 3667 618 3727; x_wconf 88' lang='lat' dir='ltr'>omnia</span> <span class='ocrx_word' id='word_1_332' title='bbox 647 3667 890 3728; x_wconf 86' lang='lat' dir='ltr'>communicanda</span> <span class='ocrx_word' id='word_1_333' title='bbox 918 3669 1029 3729; x_wconf 84' lang='lat' dir='ltr'>essent:</span> <span class='ocrx_word' id='word_1_334' title='bbox 1059 3667 1219 3748; x_wconf 87' lang='lat' dir='ltr'>quodcum</span> 
     </span>
     <span class='ocr_line' id='line_1_42' title="bbox 267 3741 1222 3882; baseline 0 -78"><span class='ocrx_word' id='word_1_335' title='bbox 267 3741 408 3882; x_wconf 73' lang='lat' dir='ltr'>nufpuatn</span> <span class='ocrx_word' id='word_1_336' title='bbox 430 3741 598 3818; x_wconf 71' lang='lat' dir='ltr'>sallumsrt,</span> <span class='ocrx_word' id='word_1_337' title='bbox 620 3746 765 3827; x_wconf 86' lang='lat' dir='ltr'>sequitur,</span> <span class='ocrx_word' id='word_1_338' title='bbox 788 3762 821 3808; x_wconf 93' lang='lat' dir='ltr'>ut</span> <span class='ocrx_word' id='word_1_339' title='bbox 836 3745 1017 3808; x_wconf 90' lang='lat' dir='ltr'>nullaetiam</span> <span class='ocrx_word' id='word_1_340' title='bbox 1039 3747 1163 3827; x_wconf 88' lang='lat' dir='ltr'>pecunia</span> <span class='ocrx_word' id='word_1_341' title='bbox 1181 3745 1222 3806; x_wconf 89' lang='lat' dir='ltr'>da·</span> 
     </span>
     <span class='ocr_line' id='line_1_43' title="bbox 267 3823 1221 3915; baseline -0.002 -29"><span class='ocrx_word' id='word_1_342' title='bbox 267 3835 299 3886; x_wconf 80' lang='lat' dir='ltr'>ta</span> <span class='ocrx_word' id='word_1_343' title='bbox 330 3837 367 3882; x_wconf 80' lang='lat' dir='ltr'>tt.</span> <span class='ocrx_word' id='word_1_344' title='bbox 393 3823 481 3903; x_wconf 85' lang='lat' dir='ltr'>Perge</span> <span class='ocrx_word' id='word_1_345' title='bbox 496 3843 564 3886; x_wconf 87' lang='lat' dir='ltr'>veto</span> <span class='ocrx_word' id='word_1_346' title='bbox 582 3841 631 3901; x_wconf 90' lang='lat' dir='ltr'>ru,</span> <span class='ocrx_word' id='word_1_347' title='bbox 654 3842 758 3905; x_wconf 67' lang='lat' dir='ltr'>vetut,</span> <span class='ocrx_word' id='word_1_348' title='bbox 777 3842 868 3911; x_wconf 89' lang='lat' dir='ltr'>atque</span> <span class='ocrx_word' id='word_1_349' title='bbox 883 3826 997 3910; x_wconf 87' lang='lat' dir='ltr'>integer</span> <span class='ocrx_word' id='word_1_350' title='bbox 1012 3827 1128 3902; x_wconf 60' lang='lat' dir='ltr'>amne,</span> <span class='ocrx_word' id='word_1_351' title='bbox 1149 3840 1221 3915; x_wconf 66' lang='lat' dir='ltr'>teras</span> 
     </span>
    </p>

    <p class='ocr_par' dir='ltr' id='par_1_3' title="bbox 1110 3925 1183 3969">
     <span class='ocr_line' id='line_1_44' title="bbox 1110 3925 1183 3969; baseline -0.027 0"><span class='ocrx_word' id='word_1_352' title='bbox 1110 3925 1183 3969; x_wconf 84' lang='lat' dir='ltr'>amr·</span> 
     </span>
    </p>
   </div>
   <div class='ocr_carea' id='block_1_2' title="bbox 0 0 1504 4559">
    <p class='ocr_par' dir='ltr' id='par_1_4' title="bbox 0 0 1504 4559">
     <span class='ocr_line' id='line_1_45' title="bbox 0 0 1504 4559; baseline 0 8"><span class='ocrx_word' id='word_1_353' title='bbox 0 0 1504 4559; x_wconf 95' lang='lat' dir='ltr'> </span> 
     </span>
    </p>
   </div>
  </div>
 </body>
</html>
