3000 4559
316 499 356 560 4²
534 474 786 536 BARTHOI.
812 473 976 536 Riccrt

272 560 336 624 imo
355 577 425 622 vero
443 555 533 619 etiam
554 555 590 616 ab
603 550 706 617 Attico
727 571 778 617 tuo
797 555 897 618 Graece
920 554 1057 634 scriptum
1079 546 1158 623 esl'e,
1178 562 1240 609 cerr

275 657 310 702 to
330 639 433 702 scitur:
455 653 489 698 ut
509 637 666 709 omittam,
689 654 754 710 quae
774 652 831 709 tu,
845 635 959 716 quoties
980 632 1034 693 tibi
1054 630 1172 719 optime
1191 637 1240 715 'cae

273 720 336 796 dit,
358 717 477 779 cumin
500 717 557 776 tuis
580 714 774 792 sermonibus,
796 735 860 777 tuin
880 715 970 776 etiam
990 712 1022 772 in
1042 726 1100 772 tuis
1125 707 1238 789 scriptis

275 800 313 860 de
332 798 385 859 illo
405 797 485 878 agis,
507 815 632 877 quorum
654 816 714 857 uno
735 797 785 857 vel
805 793 887 857 facile
908 807 1060 857 contentus
1083 787 1139 850 esse
1199 803 1237 846 te·

275 898 347 954 ras,
368 896 462 957 neque
482 875 517 934 de
537 896 572 936 eo
595 891 678 936 tanta
699 876 886 950 ambitione,
909 890 1029 955 tamque
1049 869 1140 931 anxie
1172 866 1236 928 abo-

273 978 337 1018 rare
356 956 504 1028 debebas,
526 954 622 1015 immo
642 974 712 1016 veto
732 955 873 1016 Archiam
896 953 989 1035 ipsum
1010 951 1046 1012 ad
1067 965 1234 1011 caeterorum

273 1037 429 1099 illustrium
452 1034 591 1095 Virorum
623 1034 719 1096 laudes
748 1035 917 1108 remittere,
947 1053 981 1095 ac
1009 1029 1169 1094 concedere
1188 1046 1234 1108 par

273 1116 340 1176 esi.
369 1115 483 1176 Adsunt
503 1115 580 1175 enim
611 1114 754 1189 Luculli,
784 1113 926 1188 Metelli,
955 1112 1090 1185 lEmilii,
1117 1107 1231 1178 Catuli,

273 1194 364 1255 Crasli
386 1239 395 1268 ,
414 1193 561 1270 ottavii,
583 1195 693 1271 Drusi,
714 1196 860 1261 Catones3
880 1209 1037 1271 caeteraque
1058 1191 1168 1250 horum
1188 1187 1232 1246 Ci-

274 1276 357 1335 vium
379 1275 583 1336 Romanorum
603 1295 707 1337 manus
716 1272 907 1349 nobilissima,
927 1271 1018 1354 qui&
1037 1269 1091 1350 ipsi
1111 1268 1144 1329 δι
1165 1265 1230 1328 mul*

272 1371 344 1430 ras,
366 1353 397 1416 δι
417 1355 565 1436 praeclatas
585 1376 628 1416 res
649 1356 789 1437 gesserunt
810 1355 891 1415 dorni
914 1351 1064 1434 forisque,
1086 1367 1153 1431 qua
1173 1346 1229 1407 scri·

295 1435 357 1508 tis,
385 1455 420 1495 ac
440 1435 638 1497 monumentis
660 1437 725 1497 sunt
755 1434 950 1508 mandanda,
978 1451 1041 1514 qua
1061 1429 1082 1490 si
1105 1446 1140 1490 tu
1161 1427 1229 1488 hunc

272 1453 334 1594 fut
349 1511 446 1596 facis]
468 1535 605 1596 occupes,
625 1517 726 1578 omnia
746 1516 882 1587 obscura,
903 1529 990 1652 appue
1007 1510 1096 1572 tacita
1118 1507 1226 1589 posteris

270 1593 344 1654 relin
365 1610 493 1655 nentur.
522 1596 565 1656 At
593 1617 630 1656 ne
658 1596 759 1658 videar
787 1595 921 1674 prudenti
944 1612 1036 1653 imum
1057 1590 1226 1659 Patronuni,

270 1613 462 1754 aquillimum
482 1672 683 1750 defensorem,
712 1675 861 1756 optimum
889 1673 995 1734 Civem
1023 1670 1114 1731 nimis
1135 1667 1227 1730 acriter

272 1771 391 1832 urgere,
410 1754 464 1834 qui
484 1754 597 1815 nullam
621 1755 745 1816 instituti
768 1754 811 1816 sui
831 1753 1001 1829 rationem,
1020 1750 1096 1812 nihil
1117 1749 1226 1830 aequita·

269 1832 308 1891 tis
331 1831 468 1893 adhibeat
483 1833 515 1894 in
535 1835 589 1895 hac
620 1833 806 1908 defensione,
838 1852 998 1915 parumque
1028 1830 1055 1891 se
1077 1827 1227 1910 probarum

270 1909 378 1970 Civem
399 1912 553 1988 ostendat,
573 1917 625 1994 qui
643 1915 746 1976 Patria
767 1914 968 1994 dignitatem,
995 1929 1060 2001 quae
1081 1909 1131 1970 vel
1151 1906 1226 1971 saluti

268 1990 393 2072 propriae
413 1994 616 2074 anteponenda
634 1995 697 2068 est,
719 2013 775 2074 prae
796 2014 855 2054 una
874 1992 923 2054 sua
943 1991 1070 2071 gloriola
1091 2004 1154 2050 tam
1174 2009 1227 2048 ma-

267 2066 369 2130 nifeste
405 2088 574 2134 contemnat
599 2114 608 2148 ,
644 2090 746 2136 contra
776 2073 856 2144 cujus
893 2069 1066 2134 santiillima
1095 2068 1226 2130 Instituta

268 2168 348 2210 nunc
367 2166 454 2231 agat,
473 2151 561 2233 idque
582 2169 714 2227 tueatur,
734 2154 814 2234 quod
835 2152 856 2214 si
877 2153 1025 2226 obtineat,
1045 2149 1179 2211 maxima
1194 2167 1225 2209 er

266 2243 351 2318 parte
365 2231 425 2302 ejus
441 2232 618 2300 maiestatem
636 2233 835 2307 imminuerit,
859 2249 892 2293 ut
907 2232 959 2314 qui
974 2231 1140 2292 Civitatem
1155 2226 1225 2312 quasi

267 2308 555 2398 vulginrumoribus,
577 2313 661 2374 nulla
681 2312 962 2395 ratione,nulloque
982 2310 1135 2380 Majorum
1155 2308 1224 2371 insti·

269 2403 337 2448 tuto
356 2409 414 2458 Jam
438 2392 530 2452 cuivis
554 2393 628 2453 rede
649 2392 750 2456 datam
772 2390 986 2467 defendat‚ne,
1008 2392 1149 2473 inquam,
1170 2406 1223 2449 tan·

267 2483 332 2528 rum
353 2469 461 2531 Virum
482 2486 544 2532 tam
564 2474 670 2534 acriter
690 2492 834 2551 urgeam,
862 2471 948 2532 redeo
969 2470 1005 2531 ad
1025 2471 1176 2545 caussam,
1195 2483 1224 2530 ut

265 2546 546 2637 tandemqperorem.
568 2552 701 2626 Videtis,
724 2551 855 2626 ludices,
879 2567 912 2612 ut
926 2572 960 2611 ex
976 2550 1113 2612 omnibus
1130 2549 1223 2612 noslra

265 2625 407 2714 Civitatis
443 2629 578 2692 adeunda
614 2631 775 2693 rationibus
812 2630 931 2692 Archias
959 2651 992 2691 ea
1021 2629 1148 2691 exclusus
1174 2630 1222 2688 sit.

264 2705 398 2794 Primum
419 2709 522 2782 enim,
549 2711 628 2792 quod
655 2710 839 2773 domicilium
869 2712 901 2772 in
930 2711 1020 2772 ltalia
1040 2709 1170 2770 habuerit
1191 2728 1226 2769 ex:

267 2783 406 2872 Syllam,
426 2786 620 2850 &Carbonis
640 2793 738 2868 Lege,
761 2789 836 2850 nihil
856 2790 988 2852 constat.
1009 2789 1124 2852 Deinde
1144 2788 1223 2850 nulla

266 2862 496 2952 Heracliensium
519 2869 657 2944 Tabula,
678 2868 784 2952 quibus
808 2869 1006 2932 illeinearum
1015 2870 1178 2932 Civitatem
1198 2889 1223 2928 a·

264 2940 351 3003 scitus
372 2943 432 3019 sit,
453 2947 501 3007 vel
521 2947 656 3011 semiusta
677 2948 839 3011 afferuntur
855 2996 862 3010 .
881 2952 987 3012 Tertio
1008 2951 1039 3012 in
1060 2949 1127 3012 loco
1147 2946 1246 3012 nulla·

263 3019 443 3100 professionis
460 3026 648 3107 significatio,
666 3030 780 3091 nullum
799 3030 969 3112 vestigium.
986 3032 1135 3099 Postremo
1143 3052 1222 3093 num·

263 3119 353 3240 puam
374 3123 408 3164 eir
431 3105 492 3168 ullo
512 3108 599 3170 lustro
619 3111 753 3191 cognitus
777 3109 816 3170 est
837 3109 947 3185 Civis,
976 3131 1142 3193 numquam
1162 3133 1222 3172 cen·

278 3202 309 3271 us
331 3183 386 3244 esl.
407 3185 479 3247 Haec
502 3190 600 3265 mihi,
621 3191 782 3265 autetiam
804 3189 909 3254 horum
931 3191 1060 3274 aliquid,
1082 3212 1150 3252 cum
1173 3195 1222 3252 ilr-

262 3261 341 3350 chias
361 3265 580 3356 comprobarit,
608 3291 674 3332 cum
696 3269 887 3351 produxerit,
903 3292 969 3333 cum
991 3271 1079 3353 probe
1110 3271 1223 3332 testatus

265 3357 339 3413 erit,
359 3363 425 3403 cum
446 3347 580 3410 inanibus
602 3351 759 3412 hominum
781 3351 959 3426 tumoribus,
980 3374 1013 3413 ac
1035 3353 1126 3412 etiam
1147 3352 1221 3412 inve

264 3422 362 3508 teraris
382 3425 502 3508 vocibus
523 3428 675 3505 diffidere,
703 3451 822 3514 remque
850 3431 905 3492 suis
927 3427 1160 3512 locupletisliniis
1182 3448 1220 3492 te·

262 3497 350 3560 stibus
372 3521 457 3593 agere
477 3510 613 3586 coeperit,
636 3506 703 3583 jus,
725 3530 861 3584 morem,
882 3511 1048 3573 institutum
1071 3511 1220 3579 Malorum

262 3580 421 3672 vestrorum
449 3603 491 3674 ¹¹¹,
509 3587 639 3650 adeunda
660 3589 792 3650 Ciuitate
820 3589 929 3652 servare
951 3592 978 3651 se
998 3591 1220 3665 demonstrabit,

231 3686 234 3691 ·
261 3673 326 3721 turn
348 3659 431 3723 Civis
452 3665 525 3728 mihi
546 3667 605 3742 sit,
627 3669 689 3740 jure
709 3668 849 3729 Civitatis
870 3668 1005 3746 fruatur,
1027 3673 1135 3732 Praetor
1154 3672 1222 3744 fiat,

260 3734 388 3814 Consul,
410 3745 649 3832 hugunVerum
668 3748 785 3830 quando
800 3749 904 3809 horum
924 3752 997 3811 nihil
1015 3755 1145 3833 praeslare
1160 3750 1223 3832 pos·

254 3814 320 3896 fit,
350 3838 400 3885 aut
422 3844 452 3888 iu
474 3825 524 3892 sua
545 3827 701 3904 Ciuitate,
730 3843 820 3910 quam
841 3847 945 3893 natura
966 3832 1011 3893 illi
1033 3831 1140 3906 dedit,
1169 3830 1223 3897 sese

321 3931 324 3940 ·
1116 3933 1189 3974 eon⁴
