3000 4559
268 529 354 601 hauc
382 526 605 602 contentionem
635 521 780 624 veniffe,
808 524 885 614 ilios
913 527 998 600 duxi
1028 461 1242 631 uiuimi'ise

261 644 298 738 se
329 642 601 733 contemnendos,
638 667 677 717 ue
706 639 750 708 θ’
779 667 835 736 ego
862 668 927 713 meo
957 641 1160 749 honestifflm
1181 647 1231 732 fi.

268 756 366 833 leutio
394 754 534 848 quodam
566 753 654 830 modo
682 748 883 847 corefit'eutetn
909 755 1038 837 imitari
1063 759 1231 866 videreq
1321 832 1332 847 ,

268 870 311 943 O·
334 867 391 956 isti
402 919 417 959 ,
447 866 569 960 quoties
595 868 787 954 videretur,
815 869 901 942 butte
929 868 1032 964 ipsum
1059 870 1157 947 etiarn
1182 871 1233 948 itte.

265 981 424 1077 solentius
452 979 487 1050 iu
520 1007 568 1052 me
595 981 791 1055 concitarent
810 1033 828 1065 .,
859 984 904 1058 Ia
929 985 1017 1076 quod
1054 985 1136 1057 mibi
1155 986 1233 1082 sum

267 1099 359 1192 ursus
387 1087 626 1198 commodiffine
647 1097 758 1189 faeere
780 1091 896 1193 pff,
917 1093 977 1188 Ji,
1002 1117 1064 1194 per
1083 1123 1176 1194 quun
1202 1101 1231 1175 ie

263 1209 316 1305 pst
345 1210 380 1279 iu
408 1232 456 1280 rue
484 1206 606 1279 inveiii
633 1203 732 1306 ψη
755 1260 769 1298 ,
793 1229 855 1308 per
881 1214 1014 1287 eunden
1043 1238 1100 1306 ogo
1123 1236 1231 1289 orrum

268 1321 405 1396 crimina
436 1321 471 1390 iu
499 1347 550 1391 eos
577 1321 661 1416 ipsos
689 1316 898 1420 rejeciffem,
936 1323 999 1396 hac
1025 1347 1130 1398 tamen
1159 1351 1232 1396 con·

269 1431 469 1526 ditione,fi
494 1454 633 1529 pergant
661 1437 718 1507 boo
745 1437 837 1508 modo
866 1435 993 1529 tacite,
1022 1466 1064 1515 ae
1092 1438 1231 1517 latenter

269 1574 369 1620 meum
399 1572 507 1617 nornen
528 1547 768 1642 proscindere,
806 1574 854 1619 me
881 1547 916 1618 in
958 1576 1062 1623 eorum
1091 1550 1231 1646 ipsorum

252 1650 256 1656 ¹
264 1662 392 1757 scripta
418 1661 516 1732 tnulto
542 1661 679 1753 verius,
708 1686 804 1755 quam
833 1661 898 1757 ipfi
928 1662 962 1732 iu
991 1691 1061 1736 mea
1081 1690 1120 1732 ex
1147 1662 1231 1734 alte·

267 1778 339 1847 rius
368 1799 419 1843 ore
443 1776 626 1867 fecerunt,
665 1769 728 1872 effe
754 1775 865 1870 postea
889 1775 1039 1873 palam,
1067 1796 1167 1872 atque
1193 1801 1232 1847 a·

265 1889 408 1960 cerbiore
428 1885 518 1981 stylo
539 1888 821 1984 perscripturum·
853 1895 954 1962 Nunc
982 1908 1108 1961 tantum
1129 1917 1229 1985 agaru

267 2028 341 2074 cum
369 2001 509 2091 Sardo,
538 1998 630 2092 cujus
661 2000 838 2097 Epistulam
867 2030 901 2073 eo
931 2005 1022 2074 modo
1052 2005 1181 2098 exagito
1209 2054 1225 2089 ,

261 2142 328 2210 quo
357 2114 464 2186 Cicero
493 2113 545 2184 M.
568 2113 707 2183 Antonii
730 2112 909 2206 Epistulam
937 2113 971 2183 in
1000 2118 1122 2183 Senatu
1148 2116 1227 2185 reoi-
1255 2206 1259 2213 ι

259 2248 405 2320 eatam,
437 2251 506 2320 que
534 2224 739 2299 undecimum
767 2225 870 2296 lorum
897 2227 982 2297 iuter
1018 2225 1229 2318 Philippicas

261 2362 388 2423 tenet,
436 2336 556 2406 acriter
583 2336 797 2431 exagitavit.
835 2337 899 2406 Aa
921 2333 1071 2432 lingulas
1099 2336 1183 2406 eninr
1203 2364 1235 2406 e·

251 2450 320 2548 jus
346 2470 459 2547 partes
482 2449 688 2548 praescriptas
714 2448 883 2549 respondeo
906 2501 920 2542 ,
947 2476 986 2521 ue
1013 2469 1072 2523 aut
1098 2449 1165 2546 ipse
1195 2474 1232 2520 n·

260 2565 380 2662 liquid
406 2591 428 2633 a
459 2589 527 2651 me,
557 2587 627 2658 qua
653 2558 724 2657 ejus
751 2562 883 2636 malitia
910 2564 986 2656 est,
1016 2564 1051 2635 iu
1072 2563 1111 2658 se
1140 2589 1230 2636 exro-

250 2684 409 2777 gitatum
437 2672 532 2779 effe,
567 2670 670 2779 poffot
696 2678 868 2774 excusare,
897 2696 1040 2780 arrogo
1070 2703 1109 2748 ex
1139 2676 1183 2749 iis
1209 2728 1225 2764 ,

262 2821 338 2890 qun
365 2785 497 2885 infinito
533 2790 568 2867 iu
596 2816 667 2864 eum
707 2791 751 2862 (θ’
777 2791 1124 2888 reprehendenda&
1151 2785 1229 2882 reji-

265 2904 387 2980 cienda
402 2906 511 2996 suut,
548 2923 677 2997 partem
704 2905 851 3001 aliquant
880 2906 1119 3003 imprudentius
1143 2923 1227 2998 pra-

262 3021 415 3092 terirem.
434 3014 584 3099 Tametfi
611 3017 667 3087 hoo
694 3042 815 3110 quoquo
841 3020 933 3089 modo
961 3018 1067 3088 multa
1087 3042 1136 3085 me
1149 3035 1236 3109 ptae·

262 3150 425 3218 teneant,
465 3123 585 3226 necfft
606 3127 678 3213 esi.
711 3134 797 3209 Tota
827 3129 910 3198 enim
947 3129 1042 3215 estius
1081 3124 1232 3226 Epistola

262 3245 396 3318 tuendis
424 3244 578 3336 referta,
607 3260 704 3334 atque
733 3241 863 3336 oppleta
892 3239 966 3329 est.
994 3247 1103 3332 Quane
1131 3263 1233 3311 meatu

266 3353 493 3454 Defenstonem
520 3382 558 3425 ea
587 3357 709 3425 ratione
736 3355 800 3424 tibi
826 3354 953 3441 mitto,
983 3355 1131 3450 quoniam
1160 3377 1232 3425 cum

267 3474 334 3563 este
354 3472 452 3568 suam
479 3468 572 3555 istam
603 3466 780 3563 Epistolam
793 3467 983 3559 ostentaret,
1012 3495 1052 3539 ac
1069 3469 1103 3540 iu
1125 3491 1163 3537 ea
1177 3465 1236 3535 mi·

265 3588 363 3659 litem
395 3583 571 3678 gloriosum
605 3584 763 3676 faceret,
802 3601 840 3651 tu
872 3582 906 3653 in
942 3582 1061 3677 primis
1089 3575 1235 3678 cauffane

268 3726 375 3772 meant
404 3717 473 3767 tum
513 3716 659 3766 amanter
679 3692 878 3792 suscepisti,
919 3716 987 3767 tun
1023 3695 1121 3767 etiarn
1141 3686 1234 3785 fide·

267 3815 349 3886 liter
377 3806 590 3905 defendisti;
618 3811 770 3905 nequod
797 3829 840 3966 ui„
861 3828 928 3882 turn
955 3829 1017 3918 tua
1038 3803 1233 3960 spumo-

363 3960 367 3965 »
407 3951 411 3958 -
872 3929 888 3969 2
