3000 4559
453 466 605 526 BARTH.
626 464 752 526 mccli
771 464 1021 527 ORATIONES'.
1120 486 1156 532 10

292 542 393 606 Solent
423 544 551 627 plerique
581 565 680 607 eorum
693 589 706 618 ,
735 545 787 627 qui
818 545 874 606 hoc
895 545 985 607 modo
1005 546 1132 628 aliquem
1155 487 1219 614 sau¹

253 623 347 698 dant,-
368 622 509 686 continuo
530 624 567 685 ab
585 627 663 700 ejus,
683 625 720 685 de
738 642 799 705 quo
821 646 838 686 a
858 624 936 699 itur,
956 625 1104 695 Muciorum
1125 630 1220 692 laudi·

251 702 329 779 bus,
351 724 384 765 ac
403 702 520 766 familiar
541 702 698 765 nobilitate
710 704 765 765 suae
786 645 962 767 laudationis
982 704 1102 767 initium
1123 707 1218 772 sume-

252 804 316 855 tet
348 782 379 845 dt
399 783 526 866 prosedo
548 785 675 846 multum
704 785 848 859 interest,
876 798 974 847 utrum
997 784 1153 862 obscuris,
1180 808 1221 850 an

253 862 400 946 preclaris
419 864 485 945 quis
505 880 586 926 ortus
608 862 642 925 srt
658 860 840 944 parentibus3
859 863 1056 926 adolescentia
1071 865 1144 927 item
1165 866 1222 928 llu-

255 943 305 1007 dia
326 943 358 1004 in
381 944 481 1023 primis
502 959 757 1013 commemorant3
780 945 933 1023 prasertim
954 944 974 1007 si
994 962 1029 1006 ee
1047 944 1080 1008 in
1100 944 1224 1026 oprimis

256 1021 368 1085 actious
396 1024 513 1105 perada
535 1021 643 1086 fuerit.
674 1026 780 1105 Neque
800 1024 890 1085 etiam
910 1022 1063 1100 sormam,
1083 1024 1104 1086 st
1124 1044 1159 1087 ea
1178 1026 1225 1088 in·

257 1120 355 1185 genua
374 1121 461 1193 atque
483 1101 608 1165 liberalis
630 1103 675 1164 illi
694 1104 774 1167 cunti
787 1105 869 1183 ‚erit,
889 1104 1050 1167 omittunt.
1071 1103 1138 1187 Ego
1154 1116 1225 1168 curn

256 1202 348 1264 genus
368 1182 437 1246 huic
453 1182 550 1244 nostro
571 1183 698 1247 maxime
714 1122 822 1245 illusite
844 1226 855 1256 ,
874 1182 968 1245 forma
986 1183 1073 1248 valde
1088 1186 1225 1266 egregia,

258 1280 357 1343 aqua
377 1282 446 1324 vere
466 1264 561 1343 Reges
589 1283 607 1324 a
630 1263 726 1325 Poetis
747 1262 865 1324 describi
887 1263 1005 1338 solent,
1032 1264 1227 1328 adolescentia

259 1361 331 1405 teto
351 1341 403 1403 nisr
424 1342 456 1402 in
477 1341 580 1423 Regiis
601 1340 700 1404 studiir
720 1344 835 1405 versata
863 1341 969 1417 suerit,
991 1344 1050 1405 hec
1071 1352 1171 1405 tamen
1190 1364 1227 1404 o·

259 1421 343 1483 mnia
360 1440 438 1483 nunc
459 1423 624 1497 omittam,
654 1422 715 1484 illie
736 1423 790 1483 illa
810 1422 1002 1503 relinquens,
1029 1424 1081 1505 qui
1095 1430 1171 1484 ³cl1m
1191 1422 1226 1484 in

259 1499 311 1563 suo
333 1521 460 1581 parurn,
479 1501 557 1584 quod
577 1501 742 1578 extollant,
764 1500 936 1576 habebunt,
959 1502 990 1562 in
1012 1502 1047 1561 iis
1068 1502 1169 1562 horam
1190 1501 1227 1562 il·

260 1580 321 1643 lam
342 1581 540 1655 consumant,
567 1601 601 1645 ac
629 1581 708 1664 quasi
729 1581 913 1644 ‘extrinsecus
942 1581 1096 1642 materiam
1117 1581 1168 1643 fibi
1188 1578 1228 1643 ad

260 1659 413 1722 dicendum
442 1662 618 1744 requirnnt,
647 1662 716 1724 inde
741 1662 927 1736 exordiens,
954 1660 1031 1723 unde
1050 1661 1100 1723 ille
1128 1660 1229 1742 Regia

259 1738 422 1821 Dignitatis
441 1742 560 1804 initium
581 1741 722 1823 sumpsit.
750 1742 810 1804 Hic
830 1741 924 1823 igitur
944 1742 1067 1804 alterurn
1095 1740 1126 1804 δι
1146 1741 1231 1825 vige·

261 1818 364 1881 fimum
386 1823 479 1883 artatis
499 1842 609 1884 annum
630 1820 829 1903 agebat,cunr
851 1821 972 1902 Aloysro
991 1823 1125 1903 Regi,ac
1141 1822 1227 1883 Soce-

264 1918 296 1961 ro
319 1898 370 1960 suo
393 1898 542 1963 succedens
560 1902 598 1964 ad
618 1901 842 1984 Rempublicam
863 1903 1017 1984 gerendam
1038 1901 1174 1965 accessit.
1195 1899 1229 1962 Sl

264 1997 405 2041 annorum
436 2002 589 2044 numerum
618 1983 800 2062 spedemus,
827 1996 913 2044 tanto
940 1983 1046 2060 Regno
1067 1981 1229 2041 admodum

265 2073 326 2119 erut
345 2059 505 2121 adolescens
527 2106 537 2134 ,
558 2062 578 2122 sr
599 2061 748 2122 confilium
770 2062 805 2122 in
822 2061 1031 2133 deliberando,
1060 2061 1085 2120 sr-
1100 2060 1232 2121 celerite-

266 2152 325 2199 tem
356 2139 387 2199 in
407 2140 537 2220 agendo,
559 2140 579 2200 sr
601 2138 811 2219 prudentiam,
838 2139 869 2200 dt
889 2140 1030 2201 virtutem
1054 2141 1084 2199 in
1106 2144 1232 2219 utroque

268 2216 438 2291 mullando,
458 2235 546 2299 atque
565 2216 744 2280 conficiendo
764 2217 988 2292 consideremus,
1009 2217 1086 2277 nihil
1108 2216 1138 2275 in
1156 2215 1230 2290 hoc,

286 2297 344 2357 uod
366 2297 398 2356 in
420 2313 537 2358 maturo
556 2297 639 2371 viro',
659 2316 693 2357 ac
713 2296 745 2357 in
766 2294 921 2357 sortissrrno
941 2296 1023 2375 Rege
1044 2292 1097 2355 else
1116 2290 1231 2368 debeat,

266 2314 503 2444 desiderabimus,
524 2377 619 2436 immo
638 2392 726 2447 vero,
743 2376 797 2456 qui
813 2374 915 2436 multis
933 2373 1045 2455 Regnie
1064 2372 1140 2435 solus
1161 2372 1234 2433 sarie

265 2456 318 2517 esse
340 2453 447 2533 posset,
466 2452 550 2516 facile
571 2453 781 2526 judicabimus.
803 2453 955 2531 Continuo
975 2450 1233 2536 rrarrrqne‘Helted

267 2534 336 2607 tiis,
356 2533 408 2614 qui
430 2554 481 2614 per
501 2533 644 2596 summam
665 2535 801 2605 injurium
821 2534 927 2597 Socero
948 2532 1067 2614 Aloysro
1088 2530 1234 2601 Mediola-

271 2630 342 2675 num
371 2631 500 2694 ereptum
528 2613 716 2757 Kpossidebant
742 2636 752 2688 ;
794 2634 863 2677 nanr
895 2614 1119 2676 Maximilinnus
1154 2609 1234 2674 ssor-

272 2692 313 2753 tia
331 2691 453 2754 ditionis
475 2696 594 2776 quiem
617 2695 737 2759 nomine
765 2694 957 2776 potiebatur,
985 2714 1015 2755 re
1042 2708 1141 2756 autem
1162 2702 1235 2756 veta

272 2768 320 2853 ipsi
336 2771 467 2836 Helvetii
483 2775 597 2837 domini
616 2792 716 2845 eranr3
738 2774 864 2852 iulium,
884 2795 917 2837 ac
933 2774 1100 2856 legitimum
1123 2772 1236 2835 bellum

274 2848 402 2927 indicit,
429 2874 496 2917 cunr
518 2874 576 2932 ut,
604 2856 682 2937 quod
704 2855 756 2916 silli
777 2856 846 2919 dolo
868 2855 1059 2935 interceptum
1079 2853 1174 2928 esser,
1202 2850 1235 2916 id

276 2928 324 2993 sua
344 2931 456 2995 virtute
477 2951 671 3016 recuperaret,
693 2948 757 2997 tunt
780 2950 813 2996 ut
834 2937 909 2995 hanc
926 2950 1039 2995 tantam
1055 2949 1157 2994 notam
1178 2933 1237 2992 Re·

276 3010 495 3152 ffloeMajestati
525 3034 576 3096 per
606 3013 695 3076 scelus
722 3014 847 3076 inustam
880 3013 994 3075 sortiter
1013 3013 1148 3081 deleret,
1174 3026 1238 3099 quo

307 3090 348 3153 llo
368 3091 536 3176 supscepto,
563 3095 704 3155 continuo
726 3104 814 3167 mox,
835 3093 974 3172 superatis
995 3092 1118 3170 Alpium
1140 3086 1237 3167 iugis,

278 3172 434 3235 exercitum
471 3176 502 3236 in
531 3173 650 3234 Italiam
679 3171 786 3241 trajicit
808 3214 819 3244 ,
855 3171 936 3241 cujus
970 3169 1114 3231 adventus
1143 3184 1239 3251 neque

279 3252 458 3333 negligenter
478 3255 515 3315 ab
535 3252 663 3315 hostibus
684 3249 849 3330 accipitur.
871 3250 952 3310 Nam
973 3249 1004 3311 δι
1034 3248 1085 3328 ipfi
1105 3245 1240 3309 Helvetii

278 3328 410 3415 ingenue
430 3336 526 3416 copias
547 3345 718 3412 comparant
736 3350 744 3400 ;
773 3329 889 3411 utrique
910 3342 1009 3390 autem
1031 3327 1067 3388 ud
1088 3326 1239 3406 Marigna-

279 3432 350 3477 nunr
367 3416 561 3477 conveniunt.
584 3413 683 3474 Multa
700 3411 747 3471 hic
764 3407 919 3471 breviffimi
936 3407 1076 3489 temporis
1091 3404 1240 3487 angustia,

276 3512 342 3577 quae
362 3494 427 3557 Rex
451 3497 510 3576 ipse
519 3493 638 3576 praesens
647 3489 784 3562 consilio,
805 3509 839 3549 ac
861 3488 1015 3570 prudentia
1035 3487 1085 3550 sua
1106 3486 1239 3577 provide·

278 3571 357 3649 bar,
386 3577 544 3649 omittere,
569 3594 604 3636 ac
632 3572 668 3634 ad
697 3588 826 3652 pugnam
848 3588 999 3651 properare
1019 3586 1132 3649 cogor.
1155 3564 1242 3657 Uist·

277 3655 362 3747 gitur
383 3655 452 3717 satis
473 3655 593 3717 adeam
614 3652 752 3732 utrinque
775 3650 922 3729 provisum
942 3649 1000 3725 est,
1027 3649 1064 3709 ab
1085 3646 1241 3720 Helvetiis,

277 3736 395 3817 ingenti
417 3737 546 3798 clamore
564 3732 685 3807 sublato,
706 3734 736 3792 in
757 3728 860 3791 Gallos
882 3730 1007 3810 impetus
1022 3728 1057 3790 fit
1078 3727 1241 3817 metuimus:

277 3835 377 3900 neque
396 3815 479 3882 Galli
500 3811 671 3895 intrepidius
691 3812 749 3874 illis
765 3825 935 3873 occurrunt.
955 3810 1049 3871 Atrox
1069 3824 1163 3870 ontur
1181 3820 1242 3861 cer-⁴

830 3890 860 3952 G
898 3909 920 3966 4
1158 3896 1200 3939 ta-
