3000 4559
517 464 961 535 ·0nATloNss
1144 486 1198 531 tn

268 539 439 625 inperauit,
460 541 576 606 severo
598 560 661 609 tum
684 543 848 626 longissime
869 544 982 624 superat
997 584 1005 600 ·
1022 545 1095 621 Haec
1136 550 1166 610 ui
1189 569 1239 619 ne·

271 641 324 707 get
346 622 463 687 summa
491 622 711 698 humanitatis,
741 642 831 706 atque
853 622 1055 704 amplitudinis
1075 622 1117 687 fui
1139 649 1180 704 e,
1209 650 1239 703 a·

272 701 467 768 urentissimus
486 702 558 766 erit:
582 703 655 771 illud
678 720 796 778 tamen,
838 704 896 773 uod
910 703 1023 778 dicam,
1046 721 1163 773 tentum
1177 709 1236 783 eli,

272 800 306 847 ut
340 783 435 864 magis
466 780 503 845 ad
531 783 721 851 diuinitatem
751 724 896 859 neseiat,
922 803 1014 866 quam
1043 784 1236 857 humanitatis

269 862 438 953 quidquam
465 860 597 929 lrabeat.
629 863 665 927 Id
693 880 794 933 autern
822 863 888 940 eil,
919 865 999 946 quod
1038 883 1101 945 quo
1125 883 1236 947 ternpo-

271 962 303 1007 re
322 939 420 1009 Caesat
439 941 471 1003 in
491 943 592 1006 Gallia
620 942 704 1020 fuit,
721 943 831 1012 omnia
850 941 863 1024 [
883 945 929 1011 Dr
948 944 1001 1014 bnt
1020 966 1048 1003 re
1067 944 1165 1007 mellus
1188 948 1240 1013 Hi·

264 1022 396 1112 Jlnricru,
415 1023 491 1164 iem
510 1046 558 1114 ego
570 1023 671 1100 sciam,
690 1025 848 1091 montinum
863 1022 954 1105 fecit]
984 1023 1156 1105 Diplomata
1175 1027 1237 1096 ejus

271 1121 394 1165 nomine
481 1103 504 1164 is
525 1100 599 1174 tulin
617 1103 685 1167 sunt
705 1102 737 1171 &
756 1104 885 1178 decreta,
908 1103 940 1167 u
962 1103 1127 1185 signatam
1147 1123 1237 1186 prope

268 1182 335 1245 Rex
354 1181 458 1320 magni
480 1181 652 1247 centiffitttus
671 1182 761 1247 etiarn
782 1185 815 1251 in
836 1185 941 1260 Regno
961 1183 1012 1253 suo
1033 1185 1093 1255 eius
1113 1184 1235 1247 ditionis

266 1277 381 1343 partem
403 1261 449 1322 rli
469 1261 641 1331 amicillirno
662 1264 852 1333 concederet.
874 1266 904 1323 O
926 1262 1121 1335 incredibilem
1143 1266 1235 1336 Fran·

263 1340 334 1407 sisci
367 1341 457 1422 Regis
489 1342 729 1419 humanitatem,
755 1365 775 1407 o
803 1342 1013 1423 benignitatem
1041 1343 1234 1418 inauditam,

266 1438 359 1503 atque
381 1421 566 1498 inusitatam,
585 1439 619 1487 ut
640 1423 751 1497 illum,
779 1425 832 1504 qui
852 1443 887 1483 eo
909 1443 997 1502 prope
1019 1423 1118 1502 gladio
1140 1426 1236 1490 accin-

266 1500 329 1563 ilus
349 1501 434 1576 ellet,
454 1522 515 1584 quo
535 1503 562 1563 se
583 1523 643 1565 nun
665 1501 749 1569 semel
765 1503 927 1583 appetitum
945 1503 1008 1573 Rex
1025 1500 1148 1576 sciebat,
1171 1518 1234 1564 tan·

264 1596 298 1642 ta
316 1579 410 1641 animi
431 1580 562 1644 bonitate
582 1581 810 1663 amplecteretur,
823 1599 855 1644 ut
878 1601 945 1647 eum
966 1581 1056 1650 etiarn
1081 1581 1111 1642 in
1135 1583 1233 1672 Regni

267 1673 380 1740 partem
406 1660 534 1742 accipere
563 1659 736 1727 videretur!
769 1663 814 1729 De
844 1663 928 1729 huius
957 1681 1028 1727 vero
1057 1658 1231 1733 fortitudine

263 1738 478 1821 quid-dicam,
503 1762 563 1824 quo
585 1763 646 1807 non
669 1742 722 1807 sint
751 1742 846 1810 multo
876 1741 961 1822 plura
989 1740 1138 1809 dicenda?
1169 1763 1231 1811 non

265 1833 366 1908 tamen
387 1822 580 1900 permittam,
609 1839 643 1885 ut
663 1821 777 1888 silentio
798 1839 862 1891 tota
884 1841 927 1889 ret
950 1837 1124 1902 pratereat.
1150 1822 1230 1893 Cum

264 1898 358 1979 igitur
379 1915 440 1962 tam
462 1901 486 1962 is
508 1901 591 1965 fortis
612 1901 663 1967 elle
684 1901 825 1976 dicatur,
853 1901 904 1984 qui
928 1900 1019 1976 iata,
1042 1900 1073 1965 δι
1094 1903 1164 1982 prol
1198 1924 1229 1973 ra

266 1978 427 2056 moderate,
446 1999 536 2063 quam
553 1981 605 2063 qui
625 1981 741 2049 aduersa
756 1979 872 2050 sortiter
887 1977 1009 2060 perfert,
1029 1981 1060 2042 in
1079 2000 1145 2049 utro
1159 1923 1228 2054 {ex

268 2056 438 2122 Franciscus
458 2061 598 2129 maiorem
620 2060 735 2126 laudem
753 2061 916 2140 alloquutus
946 2059 1005 2132 lit,
1025 2061 1057 2121 in
1077 2059 1167 2131 dubio
1190 2077 1232 2133 re-

272 2137 434 2220 linquitur.
453 2138 590 2220 Squidem
613 2140 644 2200 in
666 2139 798 2207 villeriis
816 2139 894 2211 suis,
916 2137 947 2198 in
969 2138 1073 2218 quibus
1094 2142 1231 2212 omnium

265 2215 450 2299 mhptatum
481 2218 666 2283 titillationes
695 2237 796 2285 omncs
826 2217 925 2285 sentiri
954 2217 1045 2283 solent
1070 2259 1080 2290 ‚
1115 2217 1229 2283 nullam

265 2295 411 2385 'gestientis
431 2297 538 2365 latitia
570 2294 809 2384 significationem
830 2294 934 2369 dedit,
961 2293 1074 2355 nullum
1104 2294 1227 2359 verbum

266 2375 461 2450 insolentius,
490 2375 565 2435 nihil
588 2374 738 2448 inaniter,
758 2394 791 2439 ac
812 2374 908 2441 minus
930 2371 1054 2433 modeste
1075 2388 1127 2443 aut
1147 2375 1225 2455 egit,

268 2470 316 2516 nit
337 2456 451 2517 locutus
473 2457 525 2516 est·
546 2454 663 2521 Contra
690 2474 763 2515 uero
782 2452 912 2522 Claudia
933 2452 1029 2513 uxoris
1052 2453 1097 2514 Re
1119 2452 1152 2515 ia
1174 2452 1228 2515 sor-

267 2534 375 2609 ninae,
403 2552 492 2614 quam
523 2534 607 2603 unice
627 2530 802 2609 adamavit,
830 2554 864 2603 ac
885 2532 973 2594 trium
994 2472 1227 2603 chatillimarum

268 2608 405 2675 Filiorum
420 2631 545 2676 mortem
563 2613 721 2697 aquiffinro
736 2615 837 2677 animo
854 2613 988 2694 pettulit.
1009 2612 1063 2679 Sed
1081 2612 1226 2695 quidhoc

269 2693 371 2755 mirum
390 2693 423 2755 in
443 2691 587 2768 foeminis,
609 2714 677 2758 curn
698 2713 757 2757 non
766 2696 862 2757 minus
877 2691 992 2755 fortiter
1007 2690 1034 2755 se
1051 2692 1081 2754 in
1097 2693 1224 2767 duorum

269 2764 404 2836 Filiorum
429 2794 533 2943 prope..
550 2775 727 2839 continuatis
755 2772 902 2843 funeribus
932 2770 1046 2865 gesserit
1062 2770 1085 2862 l,
1102 2776 1144 2845 At
1168 2775 1223 2856 qui

268 2842 338 2926 [nii
351 2852 422 2915 boni
464 2852 552 2916 Filn!
575 2875 699 2936 quorum
722 2853 796 2917 alter
816 2872 888 2923 natu
910 2873 1020 2926 maror,
1040 2873 1145 2934 curque
1163 2855 1223 2919 Re·

267 2945 353 3020 gnum
368 2933 519 3007 veniebat,
539 2934 598 3000 iarn
615 2933 786 3015 vigesimum
803 2953 914 3001 annunt
930 2934 1084 3012 attigerat,
1107 2933 1223 3003 summa

270 3022 388 3094 yutute,
410 3011 442 3073 ἃ
464 3013 558 3092 Regia
579 3013 741 3092 praestantia
761 3013 915 3093 praditus;
934 3010 1007 3080 alter
1028 3011 1083 3075 hoc
1103 3011 1223 3090 quidem

267 3091 357 3154 unior
386 3090 500 3167 multo,
521 3090 568 3152 sed
588 3110 675 3172 quern
697 3111 815 3171 quoque
835 3108 934 3158 tannen
953 3087 1150 3155 ¹charissimum
1172 3090 1223 3151 ha·

265 3156 354 3246 beret,
374 3170 457 3234 nulla
478 3171 538 3242 ejus
558 3190 618 3233 vox
639 3185 738 3231 tamen
758 3172 797 3231 est
818 3169 936 3241 audita,
957 3167 1054 3228 nullus
1075 3168 1225 3245 gemitus,

264 3247 374 3330 bullum
394 3249 562 3332 suspirium,
581 3248 661 3330 quod
683 3248 781 3310 minus
794 3245 947 3315 fortissimo
968 3247 1050 3326 Rege
1065 3245 1222 3327 indignum

263 3329 451 3407 iudicaretur,
470 3332 503 3392 in
524 3351 583 3393 uno
604 3328 728 3403 scilicet,
747 3328 801 3410 qui
824 3327 869 3387 illi
885 3326 996 3395 medius
1020 3327 1095 3387 inter
1112 3326 1225 3401 horum,

262 3416 417 3493 utrumque
435 3410 549 3475 relilius
570 3424 656 3485 erat,
676 3424 756 3473 totus
776 3428 809 3471 ac
831 3408 980 3481 uiescens,
1002 3426 1102 3488 neque,
1114 3406 1144 3468 id
1164 3408 1220 3471 irn-

260 3491 383 3555 merito.
405 3492 504 3553 Tanta
522 3508 648 3572 namque
668 3488 685 3549 s
734 3487 776 3550 est
791 3426 959 3557 Abolescens
982 3486 1135 3562 Hennicus,
1157 3505 1221 3552 tan·

261 3577 351 3654 taque
370 3571 463 3632 animi
484 3569 654 3636 excellentia
695 3569 738 3644 ir,
760 3582 793 3636 ut
814 3583 898 3635 tanto
919 3569 1022 3648 Regno
1042 3567 1136 3639 naior
1155 3570 1221 3642 nul·

257 3638 291 3711 ¹⁸
304 3650 470 3732 expdiari,
492 3669 584 3729 neque
604 3648 753 3711 defiderari
763 3649 864 3730 pollet.
887 3648 931 3708 De
941 3667 1001 3730 quo
1011 3667 1077 3709 vere
1098 3666 1132 3721 aa
1154 3670 1218 3719 var·

253 3713 363 3792 banse
382 3731 476 3791 noller
496 3728 804 3819 usurpare'potuillet,
823 3747 888 3817 quar
908 3726 944 3788 de
965 3726 1028 3799 lilio
1050 3725 1217 3799 Alexandro

248 3809 380 3883 pronun
403 3807 574 3890 Philippus,
594 3828 645 3891 qur
664 3829 732 3873 cunr
755 3829 814 3882 erus
835 3807 927 3871 animi
944 3806 1087 3883 summanr
1104 3807 1135 3944 {a
1146 3829 1218 3945 pru·

1130 3907 1143 3945 ς
1166 3919 1178 3932 .
