3000 4559
372 500 431 566 1'66
597 497 851 562 BARTHOL.
874 496 1050 567 RICCiI

331 585 411 647 enim
433 580 543 657 scitis,
571 598 698 643 veterem
719 579 858 650 injuriam
880 576 997 640 serendo
1019 595 1132 638 novam
1155 569 1300 648 invitati;

331 682 428 747 neque
448 659 606 742 quisquam
628 660 763 721 omnium
785 661 825 722 est
845 704 854 734 ,
878 658 929 740 qui
951 657 1046 738 magis
1066 656 1166 718 aliena
1187 656 1301 737 integri·

334 759 397 804 tate
417 743 574 815 abutatur,
594 740 703 821 quique
724 739 760 800 ad
784 739 940 799 minimam
961 734 1108 798 licentiam
1132 735 1300 797 insolentius

234 837 237 842 '
334 821 475 897 seratur,
503 840 592 902 quam
613 818 663 879 iste
692 817 777 880 facit.
807 819 862 880 Sed
881 818 1028 901 quoniam
1042 815 1108 877 ..iste
1127 831 1191 877 tam
1213 817 1300 907 impu·

337 903 433 976 dens,
457 918 547 983 quam
570 899 658 959 etiam
681 897 848 978 imprudens
869 943 879 974 ,
907 913 954 958 me
974 910 1034 958 non
1054 890 1149 957 solum
1170 893 1302 956 acerlnsli·

338 984 421 1056 mis,
445 979 490 1042 sed
517 980 607 1042 etiam
633 977 849 1039 obscoenissimis
877 977 970 1040 verbis
993 976 1109 1059 irridere
1126 996 1188 1037 non
1204 974 1302 1041 ceslat3

337 1063 371 1125 δι
386 1081 451 1122 mea
462 1064 501 1121 'ea
511 1075 623 1121 natura
637 1057 676 1119 est
692 1096 701 1132 ‚
724 1073 757 1119 ut
773 1074 841 1119 cum
856 1056 945 1138 paulo
962 1056 1167 1118 vehementius
1183 1055 1216 1116 in
1232 1052 1302 1116 caus·

336 1142 400 1204 sam
421 1140 546 1221 invehor
565 1183 574 1214 ,
595 1136 781 1200 avarissimis
797 1135 967 1199 criminibus
993 1137 1152 1198 incitatum
1170 1133 1302 1196 orationis

338 1220 411 1298 mea
435 1220 551 1281 cursum
574 1210 658 1280 facila
675 1218 824 1280 continete
847 1239 907 1280 non
926 1216 1030 1298 poffim
1049 1237 1058 1288 3
1079 1214 1163 1278 srisli
1182 1215 1215 1276 iu
1233 1229 1305 1276 utro·

338 1320 403 1384 que
422 1314 522 1381 parem
546 1319 564 1360 a
586 1318 633 1359 me
658 1300 786 1379 gratiam
805 1297 901 1360 referri
926 1296 1079 1372 sentietis,
1099 1314 1223 1436 quoffiue
1242 1310 1302 1355 cum

340 1378 441 1444 vestris
458 1379 598 1454 auribus,
619 1393 683 1441 turn
701 1379 791 1439 etiam
809 1389 876 1440 mea
891 1376 1030 1440 modestia
1045 1377 1145 1438 minus
1193 1394 1252 1456 gna
1267 1370 1304 1434 ri·

339 1459 467 1536 deutur,
490 1459 608 1523 avobis
625 1474 711 1539 peto,
732 1474 766 1520 ut
782 1459 811 1519 id
829 1478 915 1520 omne
931 1459 1006 1519 mihi
1024 1455 1205 1536 ignoscatis,
1222 1464 1301 1536 quem

340 1542 404 1603 tam
419 1538 591 1618 insolenti,
619 1555 739 1620 tamque
760 1536 896 1600 obsceno
916 1537 1054 1599 nebuloni
1075 1532 1236 1598 modestius
1255 1529 1300 1592 res·

340 1618 469 1703 pondere
485 1637 546 1681 non
562 1619 674 1694 decuit,
696 1632 818 1700 eamque
834 1619 950 1699 culpam
967 1631 1085 1679 omnem
1104 1616 1137 1677 in
1155 1613 1236 1678 illius
1250 1630 1301 1693 pto·

342 1701 496 1763 raritatem
515 1697 721 1775 transferatis,
741 1700 793 1779 qui
810 1713 877 1760 cunr
893 1698 1076 1761 commodius
1093 1741 1104 1772 ,
1125 1695 1215 1777 idque
1230 1692 1261 1753 de
1273 1689 1301 1750 fi·

343 1778 378 1847 si
397 1779 439 1839 sui
458 1772 671 1859 prudentissimi
681 1776 867 1838 adolescentis
884 1778 1026 1840 sententia
1041 1776 1189 1860 quiescere
1204 1772 1298 1854 possets

344 1858 378 1927 in
395 1877 443 1918 me
460 1857 543 1918 nulla
566 1871 632 1917 ntea
648 1860 758 1936 culpa,
779 1857 829 1918 sua
846 1867 963 1920 tantum
994 1857 1159 1920 temeritate
1178 1850 1297 1934 impulsus
1342 1898 1346 1940 t

314 1986 316 1991 ⁴
345 1958 381 1999 ea
404 1936 541 2013 evomit,
562 1950 625 2020 qua
650 1934 822 1998 foediffimus
847 1935 925 1999 livor
941 1939 968 1999 ei
994 1939 1026 1998 in
1044 1937 1167 1998 mecam
1193 1931 1299 1995 infudit.
1339 1962 1347 2020 3

346 2017 383 2079 Iu
393 2037 451 2107 qua
467 2032 531 2079 tota
539 2036 605 2078 mea
620 2013 779 2078 defensione
803 2016 859 2078 hoe
876 2033 933 2098 ego
953 2017 1037 2080 vobis
1054 2017 1198 2100 polliceor
1217 2055 1227 2089 ,
1244 2011 1297 2072 rre-
1337 2060 1346 2091 ,

346 2093 414 2159 sedit
439 2095 533 2172 Viri,
555 2095 750 2179 praestaboque
774 2112 863 2179 quarn
885 2099 1100 2178 integerrime,
1122 2116 1179 2158 vos
1193 2112 1210 2154 a
1225 2104 1296 2152 men
1334 2080 1347 2178 {s

349 2176 438 2260 isium
452 2175 520 2238 ullo
537 2190 606 2239 meo
623 2175 717 2252 odio,
737 2190 771 2238 ut
787 2176 849 2239 fieri
867 2177 938 2239 solet
953 2179 986 2238 in
1002 2175 1234 2246 recriminando,
1250 2167 1297 2230 nul·
1333 2198 1347 2256 p

347 2255 411 2318 lum
433 2252 624 2333 -consisium,
646 2254 820 2338 nullumque
845 2259 1047 2339 excogitatum
1063 2255 1189 2319 verbum
1205 2251 1296 2314 esleao
1330 2299 1347 2337 m

348 2337 461 2398 dirutos
479 2380 488 2410 ,
509 2337 556 2398 cui
573 2335 784 2400 verissimorum
801 2336 856 2398 sese
872 2354 955 2399 tanta
971 2338 1056 2417 copia
1071 2335 1187 2410 essert,
1211 2348 1240 2394 ut
1252 2347 1296 2389 rua·
1328 2357 1347 2416 p,

349 2415 395 2498 gis
423 2434 548 2491 uerear,
578 2436 615 2478 ne
648 2416 743 2478 multa
765 2437 800 2478 ex
826 2417 866 2478 eis
893 2417 1106 2498 imprudentius
1127 2425 1297 2497 preteream,
1327 2437 1341 2495 p

351 2501 444 2639 dum
475 2510 509 2557 ut
528 2490 645 2557 nullum
676 2497 740 2557 veri
759 2498 850 2558 etiarn
880 2497 1063 2559 simillimum
1094 2497 1172 2556 mihi
1189 2491 1298 2570 effingere
1326 2530 1347 2575 ῃ

378 2575 479 2658 udeam
499 2594 507 2643 3
528 2576 683 2655 prasertim
708 2594 775 2636 cum
794 2577 854 2638 hac
871 2577 959 2637 sciam
984 2577 1032 2640 vel
1056 2577 1116 2638 risu
1131 2574 1222 2656 accipi
1236 2592 1244 2642 3
1259 2565 1300 2625 5¹¹²
1328 2594 1347 2652 fl

355 2674 427 2714 vero
451 2654 628 2728 hominem,
659 2654 738 2736 quod
769 2676 822 2717 nos
850 2659 1039 2738 quaerimus,
1065 2658 1197 2719 occidere
1217 2647 1301 2713 solere.
1330 2695 1347 2732 u

353 2731 410 2792 Sed
427 2747 584 2871 antepuam
612 2734 643 2793 in
660 2735 783 2796 caussam
801 2735 971 2816 ingrediar,
991 2750 1084 2818 pauca
1109 2734 1237 2820 quadam
1249 2741 1301 2788 cunr
1331 2755 1347 2813 p

353 2809 454 2901 caussa
470 2828 501 2900 rp
515 2831 532 2902 a
548 2810 703 2882 conjuncta
720 2831 786 2876 cum
805 2816 859 2878 isto
879 2829 1058 2896 percurram.
1332 2854 1347 2894 ῃ

394 2893 456 2967 Qut
474 2889 529 2951 trbr
555 2892 587 2952 in
604 2905 732 2954 mentem
758 2895 899 2971 venerit,
920 2897 1001 2958 Sardi
1022 2940 1032 2971 ,
1053 2912 1103 2957 rne
1131 2896 1192 2958 tuis
1215 2889 1302 2973 scriptis
1333 2915 1347 2974 ,j

355 2988 416 3032 non
441 2969 535 3048 solum
560 2971 731 3054 ignorantia
757 2975 887 3037 accusare
911 2977 942 3036 in
960 2976 1020 3049 iis,
1042 2995 1108 3058 quae
1125 2975 1164 3036 de
1181 2976 1303 3036 Romana
1329 2980 1347 3052 ὦ

355 3069 422 3112 rum
441 3048 635 3114 Familiamm
653 3054 773 3114 nornine
794 3075 850 3136 ego
865 3057 901 3117 ad
918 3054 1076 3118 Herculem
1094 3057 1254 3136 Principem
1268 3070 1304 3111 no
1330 3050 1347 3133 ἱ(

357 3129 447 3220 slmrn
476 3131 608 3221 proxime
634 3133 796 3212 scripseram
815 3179 825 3209 ,
847 3134 893 3196 sed
911 3136 1001 3196 etiarn
1018 3136 1172 3197 cachinnis
1196 3127 1305 3217 prosequi
1339 3176 1347 3213 i

355 3207 546 3286 soedrslrmrs,
576 3232 634 3273 non
661 3212 728 3274 satis
753 3213 912 3296 intelligo:
943 3215 1098 3295 prasertim
1125 3235 1195 3277 curn
1218 3215 1248 3276 in
1262 3218 1308 3273 mei

356 3289 410 3353 illa
426 3288 559 3371 Epistola
583 3292 697 3352 nullum
719 3292 840 3354 verbum
858 3294 919 3368 fit,
941 3295 1022 3356 nulla
1040 3316 1126 3371 vox,
1149 3312 1214 3377 qua
1229 3308 1308 3376 quern·

355 3388 448 3457 quam
465 3371 619 3509 attingat,
639 3371 721 3433 nulla
730 3371 855 3455 denique
872 3375 1094 3437 veltenuillrma
1110 3375 1276 3458 cujusquam
1289 3368 1307 3429 fi·
1343 3414 1347 3452 χ

361 3446 515 3534 gnificano
545 3451 687 3528 entiatur.
710 3454 791 3512 Nam
809 3454 828 3514 sr
845 3454 946 3530 milri,
968 3456 1021 3537 qui
1038 3472 1068 3517 te
1083 3457 1187 3535 sapius
1204 3466 1309 3516 comme
1345 3497 1346 3526 ἶ

359 3543 412 3614 nur
429 3569 439 3600 ,
459 3542 492 3586 ut
513 3529 543 3589 in
562 3529 644 3591 bonis
668 3532 863 3611 Scriptoribus
884 3532 1059 3611 versareris,
1082 3551 1152 3596 tuos
1169 3537 1237 3599 istos
1252 3534 1309 3612 dp·
1345 3579 1346 3612 3

363 3604 434 3693 leros
449 3649 466 3695 ,ς
480 3607 690 3690 thdiginos,
712 3610 930 3688 Marcellinos,
951 3616 1117 3698 ceterosque
1141 3615 1205 3687 ejus
1222 3608 1309 3696 generis

361 3681 566 3780 infantissrrplos
589 3689 770 3770 Scriptores,
799 3693 975 3768 omitteres,
1004 3698 1135 3776 gratiam
1161 3694 1309 3757 referrem

254 3780 258 3793 ¹
362 3761 440 3855 lllstl
457 3808 466 3836 2
485 3781 576 3847 quam
595 3768 649 3829 hoc
665 3772 741 3849 grati
767 3771 802 3832 fit
822 3773 913 3832 animi
934 3818 943 3848 ,
961 3774 1020 3855 ipse
1035 3775 1161 3838 videris.
1184 3777 1310 3857 Nequeo

360 3862 425 3908 mm
447 3846 556 3937 psto,
585 3863 613 3910 re
638 3847 693 3911 hoc
716 3870 835 3934 quoque
858 3852 947 3916 modo
969 3853 1096 3920 Civibus
1121 3855 1182 3918 tuis
1209 3849 1310 3932 ineptias

220 3956 319 4062 ι.
1233 3949 1288 3994 tuas
