3000 4559
541 479 951 542 ORATIONEL
1127 490 1184 567 iq

252 560 360 644 periuri
385 562 448 627 hac
482 579 601 646 quoque
628 559 659 621 δι
681 559 881 634 nobilissima,
911 559 944 622 δι
963 570 1054 644 q'uam
1072 561 1228 630 uberrima·

257 640 390 703 recellere
409 641 591 706 Sacerdoria.
618 639 671 705 Fit
702 660 769 702 nam
793 661 830 702 ue
855 641 997 704 continuo
1025 643 1070 704 Lu
1091 644 1223 708 dunensis

255 719 415 784 Primarius
445 719 600 790 Antistea;
650 719 729 782 ollea
784 719 912 783 eduensis
933 741 943 792 ;
965 721 1051 784 tertio
1111 725 1225 788 nolien-

254 796 288 861 ss
307 821 316 872 3
337 818 443 882 quarto
463 799 615 867 Suesronen
628 819 670 871 1s;
692 799 800 881 quinto
818 799 917 863 Sansii
939 802 1151 874 launomarii3
1171 822 1227 885 pou

253 878 358 943 strumo
379 882 476 945 Sansli
500 879 598 953 Lilii,
621 898 747 961 quorum
768 880 883 943 summa
903 881 1013 958 mille,
1043 903 1078 945 ac
1097 882 1229 946 ducenta

253 958 412 1036 sestertia,
441 962 477 1024 ad
514 957 640 1023 nostram
670 976 769 1028 autem
799 961 941 1024 rationem
971 963 1096 1043 triginta
1119 963 1230 1027 millia·

252 1057 409 1102 nummum
432 1040 652 1105 Coronarorum
674 1037 758 1105 sacile
779 1039 913 1103 conficit.
943 1044 1042 1117 Quam
1063 1043 1229 1124 ingentem

252 1116 471 1191 beneficentiam
496 1164 507 1195 ,
535 1137 683 1200 quamque
712 1138 778 1182 vere
800 1121 924 1203 Regiam
944 1120 1150 1186 liberalitatem
1180 1141 1229 1185 nei

252 1199 410 1280 expedietis
431 1242 440 1276 ,
468 1199 539 1261 dum
560 1217 616 1278 ego
635 1197 708 1259 meis
728 1220 808 1261 nunc
827 1200 924 1263 verbis
945 1220 1082 1264 exornem
1103 1203 1219 1285 magni-

252 1276 403 1343 ficentius.
432 1278 479 1341 Eo
504 1296 630 1359 namque
653 1278 856 1359 amplitudinis
881 1280 979 1360 perse
1001 1284 1160 1363 pervenit,
1181 1297 1219 1345 ur

252 1352 290 1433 ad
309 1358 451 1433 majorem
472 1378 520 1420 arn
542 1355 732 1420 lificationem
758 1359 842 1421 nullo
863 1360 1002 1422 orationis
1018 1377 1123 1425 ornatu
1144 1381 1219 1442 opus

252 1438 306 1505 esse
326 1439 481 1502 videatur.
531 1458 601 1500 num
623 1437 697 1501 illud
718 1454 835 1501 tantum
856 1438 950 1500 dicam
973 1484 984 1514 ,
1004 1440 1033 1501 id
1056 1461 1092 1502 ue
1112 1441 1222 1514 altius,

253 1535 284 1583 ut
304 1539 408 1599 omnes
429 1537 509 1601 aque
529 1515 724 1598 intelligant,
744 1519 841 1579 dicam
867 1539 875 1588 ;
895 1520 1009 1601 Regem
1029 1461 1220 1582 {runcinum

254 1615 336 1664 tanta
358 1598 445 1672 haec,
473 1613 593 1679 tamque
621 1596 781 1679 magnifica
801 1617 946 1674 munera,
973 1599 1050 1663 hanc
1068 1599 1229 1682 ingentem.

254 1694 396 1761 perpetuae
424 1677 550 1759 pecunia
572 1676 635 1738 vim
657 1676 688 1737 in
710 1677 825 1738 nullum
855 1678 947 1740 alium
968 1679 1072 1742 melius
1092 1677 1230 1742 conserte·

290 1758 509 1842 tuille,quique
526 1777 592 1818 eam
614 1777 649 1818 eo
670 1758 777 1832 modo,
798 1759 911 1838 quoin
933 1757 961 1822 se
978 1759 1087 1822 collata
1107 1757 1230 1834 suisset,

271 1836 446 1902 onestiffime
472 1851 640 1908 exerceret3
669 1857 759 1929 quam
792 1837 823 1898 in
845 1858 937 1901 unum
958 1839 1156 1922 Hippolytum
1177 1839 1227 1903 A·.

251 1917 382 1994 tellium,
423 1917 453 1980 ui
473 1937 533 1979 non
553 1915 647 1979 solum
670 1919 706 1979 irs
726 1915 793 1999 ipsis
814 1917 845 1979 in
866 1917 949 1994 suos,
972 1919 1028 1982 hoc
1047 1921 1112 1994 est,
1140 1937 1216 2002 quos

252 1998 363 2061 virtute
390 1937 489 2079 ailqua
510 1995 642 2075 praeditos
665 1998 771 2072 novit,
790 1997 879 2060 Viros
908 1998 1162 2080 splendidissime,
1182 2016 1218 2060 ao

254 2075 447 2139 liberalissime
469 2075 586 2150 utitur,
606 2094 706 2137 verum
727 2077 818 2137 etiam
840 2097 913 2158 quas
933 2092 1046 2139 caretas
1063 2097 1150 2158 opes,
1166 2096 1218 2138 ne·

251 2175 308 2239 que
328 2176 376 2218 eas
396 2174 514 2239 quoque
536 2153 692 2217 mediocres
713 2153 834 2235 poffidet
849 2198 859 2228 ,
877 2155 925 2216 his
945 2157 1046 2236 Regiis
1068 2176 1103 2216 ea
1126 2157 1228 2216 ratio·=

253 2255 288 2299 ae
308 2233 512 2318 benignissime
531 2231 682 2312 adjungit.
701 2233 783 2307 Sed,
803 2249 837 2295 ut
857 2234 934 2294 unde
953 2233 1077 2314 digressa
1098 2233 1164 2308 est,
1184 2233 1226 2292 il·-

252 2314 298 2378 luc
321 2315 421 2377 redeat
444 2312 558 2382 oratio,
595 2310 655 2371 haec
675 2311 813 2374 basienus
830 2313 894 2374 Rex
917 2312 1086 2373 Franciscus
1106 2311 1138 2373 in
1155 2310 1223 2373 stre·

251 2413 323 2459 nuos
347 2394 570 2472 Imperatores,
591 2405 679 2472 atque
703 2390 849 2470 Principes
871 2391 961 2453 Viros
981 2390 1134 2462 contulit3
1158 2410 1224 2473 quo

256 2492 326 2537 tero
349 2473 397 2533 hic
432 2470 526 2534 studio
546 2469 695 2532 literarum
721 2470 814 2532 studia
835 2467 931 2533 sovit?
961 2490 1021 2554 quo
1043 2471 1175 2534 literatos
1196 2471 1228 2531 i·.

255 2553 318 2635 psos
341 2551 497 2626 sustinuit,
527 2564 615 2632 atque
637 2548 848 2631 locupletavit?
876 2550 1031 2614 Continuo
1057 2550 1107 2612 hic
1127 2551 1218 2613 unde·

255 2650 368 2773 poaque
412 2631 441 2692 ui
461 2630 569 2712 optimi
591 2628 658 2692 libri
678 2631 739 2693 erui
760 2632 894 2711 pollent,
915 2630 1049 2713 conquiri
1067 2674 1077 2707 ,
1095 2631 1218 2714 conqui-

278 2727 319 2775 tos
341 2711 371 2772 in
426 2709 613 2774 ibliothecam
644 2711 771 2792 Regiam
793 2710 829 2772 ad
855 2710 984 2774 Bolianti
1005 2711 1117 2774 sontem
1137 2731 1221 2774 com·

258 2793 322 2931 poni
344 2790 423 2862 jubet
441 2813 449 2861 3
470 2790 566 2871 postea
585 2811 656 2852 vero
675 2792 727 2872 qui
749 2792 780 2854 in
803 2809 931 2874 quatuor
950 2791 1059 2870 linguis
1079 2793 1189 2855 Latina
1209 2831 1222 2866 ,

285 2891 377 2945 tarra,
406 2869 572 2944 Hebraico,
594 2890 628 2930 ac
650 2870 787 2934 Chaldaea
808 2875 974 2953 praestarent
995 2872 1094 2946 Viti,
1124 2871 1220 2933 maxi·

262 2950 308 3012 nis
339 2950 489 3032 propositis
520 2950 664 3029 premiis,
701 2952 853 3013 Lutetiam
882 2953 1057 3014 Parisiorum
1092 2949 1218 3011 conduci

263 3031 404 3101 mandat3
434 3045 467 3090 ut
488 3049 523 3090 eit
542 3046 577 3088 eo
608 3028 791 3092 scientiarum
821 3033 957 3094 omnium
977 3030 1057 3110 quasi
1078 3026 1220 3107 amplissi-

263 3124 304 3171 rno
329 3109 493 3173 Seminario
521 3106 642 3246 quis‘cpue
672 3108 747 3183 fibi,
779 3111 858 3191 quod
888 3109 1021 3171 insuam
1051 3105 1218 3168 Civitatem

266 3189 349 3266 postea
370 3187 522 3252 transferre
543 3205 581 3266 po
603 3202 659 3261 et,
681 3186 795 3249 abunde
815 3187 948 3250 haberet.
967 3188 1039 3249 Haec
1060 3202 1159 3247 autem
1179 3184 1219 3249 ad

264 3266 397 3354 publicam
427 3269 586 3332 utilitatem
616 3265 740 3328 studuit.
770 3268 850 3344 Quid
871 3288 941 3329 vero
962 3264 1166 3328 beneficientiae
1184 3264 1217 3326 bt

267 3362 290 3407 tn
307 3351 436 3432 privatos
457 3349 587 3410 literatos
608 3346 783 3422 contulerit,
799 3349 938 3423 Danefii,
959 3345 1132 3419 Vuscrenii,
1147 3344 1222 3408 Cas-

266 3426 379 3504 ttlanii,
400 3429 539 3502 Colinii,
561 3423 671 3502 Baifii,
691 3426 866 3504 Alemanii,
887 3427 959 3500 Julii
975 3470 985 3501 ,
1004 3425 1144 3501 Camilli,
1164 3446 1221 3488 σε·

268 3509 369 3592 ntique
390 3508 450 3579 eius
479 3506 589 3570 ordinis
604 3505 837 3568 ‘innumerabiles
860 3508 928 3568 Viri
950 3506 1034 3569 facile
1053 3505 1218 3582 declarant,

264 3600 329 3727 puna
349 3609 410 3652 non
431 3588 524 3650 solum
546 3585 623 3667 ipsos
643 3586 745 3668 Regiis
764 3586 804 3647 esl
826 3587 992 3650 muneribus
1007 3587 1217 3726 proseqfirutus,

273 3666 353 3732 edin
375 3668 434 3730 illis
463 3688 562 3729 eorum
584 3685 702 3748 quoque
723 3665 1079 3749 posterosulocupletavit.
1130 3681 1142 3728 t
1161 3667 1219 3727 mi·

261 3741 286 3833 bi
307 3748 496 3811 Maecenatem
526 3746 571 3809 isti
599 3745 693 3808 nescio
718 3767 807 3828 quem
836 3745 1012 3810 narrabunt?
1033 3747 1104 3809 Non
1125 3745 1145 3806 sr
1165 3747 1217 3816 Ju-

263 3821 328 3906 ltas,
343 3849 403 3892 nou
426 3827 447 3889 fi
468 3823 629 3902 orlarios,
645 3846 706 3892 oon
727 3828 747 3891 fi
768 3826 952 3892 Alexandros
969 3839 1218 3898 commemorent,

777 3905 809 3968 n
851 3925 869 3966 2
1126 3919 1181 3981 pat-a
1236 3918 1347 4062 r
