3000 4559
559 464 968 532 ORATIONEL
1183 494 1204 556 7

270 548 419 635 ripueritl
439 548 522 629 Quid
538 551 630 627 enirn,
646 548 760 633 qualo,
780 549 805 611 is
813 547 893 611 aliud
909 569 944 612 ea
959 550 1039 633 Lege
1049 567 1152 631 αισι,
1172 570 1239 619 cuin

264 626 436 719 prohibet,
465 651 501 693 ne
523 630 689 713 peregrinus
712 627 800 690 Urbis
819 630 931 693 moenia
950 628 1107 710 ascendat,
1128 635 1181 698 nili
1201 656 1240 701 oe

272 726 298 770 rs
322 711 419 789 hostili
440 712 542 775 animo
563 711 754 774 indemitate
776 708 871 790 pollii,
911 730 971 793 qua
992 710 1025 772 in
1046 729 1126 793 perte
1146 736 1180 779 ea
1208 734 1239 779 a·

268 788 373 867 {censu
394 791 527 854 faciliora
546 790 627 867 fint,
655 809 772 872 qunque
801 789 833 851 in
858 789 969 853 Urbem
998 789 1117 856 liberior
1138 813 1238 876 pateat

269 868 441 952 ingiellusl
470 874 512 942 At
531 872 580 933 hic
602 871 699 932 multo
721 868 826 932 melius
856 870 928 961 illi,
955 890 1047 954 quam
1076 873 1139 936 Lex
1160 875 1239 958 ipsa,

268 951 369 1028 ravit,
389 951 442 1036 qui
462 970 555 1034 prope
568 966 704 1032 captain,
726 965 817 1033 utque
831 949 930 1015 hollili
950 951 1068 1033 praedae,
1088 973 1107 1016 a
1142 957 1239 1019 trein-

267 1029 379 1109 cendiis
398 1032 556 1115 expositam
580 1045 692 1093 tutatus
714 1031 781 1102 ell5
823 1028 857 1092 ui
870 1052 934 1094 non
955 1033 1104 1095 moenium
1139 1034 1238 1099 acilio·

267 1129 333 1172 rein
353 1112 466 1175 aditum
509 1111 648 1185 urrlivit,
675 1108 721 1172 sed
740 1107 812 1174 forti
835 1130 953 1188 ιιιιιιιιι,
980 1133 1014 1176 ac
1033 1133 1086 1196 pro
1108 1135 1123 1175 e
1143 1115 1238 1179 vidio-

259 1207 330 1252 'rein
350 1191 464 1254 hostem
484 1133 520 1253 de
543 1189 714 1266 moenibus,
743 1205 834 1282 atque
864 1191 900 1254 de
919 1192 1018 1256 uestris
1040 1134 1147 1256 aedihus
1169 1194 1237 1278 ipsis

261 1268 461 1343 deturbavit3
483 1271 590 1353 utqui
610 1269 688 1331 secus
709 1286 761 1333 aut
781 1270 851 1342 iuris
873 1272 1040 1353 ignorantia
1059 1275 1168 1356 Legem
1189 1277 1237 1337 in-

257 1363 457 1431 terpretetur,
477 1366 530 1412 aut
552 1351 698 1412 columnia
713 1351 775 1423 eius
796 1350 905 1441 scripto
921 1351 1080 1432 parendum
1097 1354 1150 1416 elle
1165 1376 1235 1421 con·

262 1429 386 1508 tendat,
409 1431 452 1492 im
504 1431 545 1492 ite
564 1428 669 1507 saciat,
690 1445 780 1514 atque
800 1430 921 1513 indigne
939 1431 1115 1494 contendat.
1136 1433 1234 1505 Hujus

262 1508 372 1590 Legis,
393 1510 431 1583 lu
451 1530 520 1585 ices,
541 1509 660 1573 istorum
671 1511 751 1584 Lex,
792 1530 861 1573 uam
883 1509 930 1572 illi
950 1510 1045 1575 vitain
1064 1512 1173 1593 eripere
1189 1515 1235 1575 di·

258 1604 351 1666 cunt,
395 1606 461 1652 ueni
483 1608 546 1652 eam
567 1590 651 1652 alteri
672 1588 768 1652 adem'
792 1611 807 1653 e
826 1589 937 1652 conllet
944 1634 954 1667 ,
974 1610 1066 1674 quam
1086 1591 1236 1656 fimillinia

257 1668 326 1730 est.
390 1690 440 1732 am
461 1671 482 1732 li
502 1669 647 1741 adliujus
669 1690 789 1753 quoque
819 1669 988 1752 scriptum,
1016 1671 1096 1754 quod
1125 1672 1172 1735 illi
1190 1672 1235 1737 se·

257 1764 417 1831 quantur,
434 1770 480 1812 res
503 1750 563 1832 ipsa
582 1751 759 1826 censeatur,
792 1771 853 1812 non
880 1749 918 1812 ad
946 1752 1035 1834 legis
1055 1752 1231 1817 sententiam

256 1827 364 1892 trelius
384 1828 553 1908 judicetur,
580 1831 724 1893 continuo
745 1830 903 1913 sequetur,
932 1847 966 1895 ut
993 1852 1116 1916 quoquo
1137 1832 1230 1898 inodo

254 1907 322 1989 quis
344 1909 436 1972 aliurn
457 1908 619 1986 occiderit,
649 1911 674 1972 is
696 1912 770 1973 item
791 1910 888 1992 postea
909 1909 944 1975 fit
965 1911 1164 1990 occidendus,
1193 1932 1229 1976 ac

276 2004 345 2050 ueni
363 1989 456 2053 etiam
476 1991 565 2053 hostis
586 1989 743 2068 invaserit,
765 1991 791 2052 is
811 1989 909 2055 uutab
930 2012 983 2067 eo,
1004 1993 1023 2053 li
1046 1993 1075 2054 se
1096 2013 1159 2055 non
1178 1992 1227 2054 de·

304 2068 396 2146 derit,
416 2086 467 2132 aut
489 2091 508 2131 a
527 2070 662 2143 Judicum
683 2070 853 2147 sententiis,
875 2070 896 2132 fi
916 2092 984 2135 euin
1005 2072 1033 2134 se
1054 2072 1165 2135 tuendo
1181 2074 1229 2134 ui·

252 2146 317 2209 flor
336 2149 368 2211 su
406 2150 495 2226 rorit,
516 2150 550 2212 sit
573 2149 736 2211 necandus.
755 2152 826 2225 Quo
848 2150 925 2213 nihil
945 2153 1124 2227 immanius,
1144 2152 1229 2223 Judi-

250 2230 316 2302 cesl,
337 2230 368 2289 ni
391 2230 415 2291 il
433 2228 599 2309 horridius,
621 2228 771 2309 nihilque,
813 2228 871 2291 uod
891 2231 986 2311 magis
1007 2247 1110 2293 contra
1132 2232 1226 2310 Leges

251 2307 329 2386 ipsas
351 2299 442 2381 eiiet,
469 2310 561 2370 llatui
586 2306 752 2389 potuillet.
813 2327 863 2369 am
885 2307 906 2368 li
928 2310 1021 2390 Leges
1041 2308 1074 2369 δι
1095 2307 1227 2395 primunr

250 2402 399 2465 reperte,
426 2386 458 2448 δι
478 2386 613 2469 deinceps
634 2407 687 2468 per
713 2405 819 2449 omnes
844 2401 944 2449 {etates
963 2404 1083 2469 recepta
1098 2430 1123 2464 „
1138 2388 1228 2471 cique

250 2464 370 2546 perlata
385 2466 452 2530 sunt
473 2467 509 2529 ad
525 2466 600 2529 nanc
616 2468 777 2530 humanam
796 2466 963 2531 societatem
981 2464 1229 2544 conservandam,

249 2543 323 2627 quid
353 2567 404 2630 per
424 2548 503 2610 Deos
527 2546 713 2610 immortales
742 2542 874 2609 humano
894 2544 994 2628 generi
1017 2546 1222 2627 perniciosius?

248 2622 321 2711 qnid
341 2626 561 2690 calamitosius?
590 2629 663 2710 quid
683 2628 773 2691 etiam
796 2625 984 2702 sceleratius,
1038 2647 1105 2690 iiam
1125 2626 1163 2691 ab
1184 2628 1224 2694 iis

248 2709 316 2791 ipsis
333 2710 464 2791 ¹Legibus
488 2710 624 2771 homines
645 2709 680 2771 iti
702 2708 877 2788 proditum,
897 2706 994 2769 sinon
1011 2646 1105 2770 iilum
1125 2730 1144 2773 a
1165 2708 1222 2772 Le·

248 2791 295 2873 gis
319 2788 459 2851 sententia
475 2788 536 2859 iure
556 2789 672 2871 optimo
689 2810 750 2853 non
770 2785 986 2865 defenduntur,
1005 2789 1220 2853 verumetiam

248 2868 287 2931 ab
304 2867 367 2937 ejus
387 2869 559 2946 calumnia,
589 2890 622 2931 ac
651 2868 724 2931 false
750 2868 821 2941 iuris
851 2867 1092 2949 interpretatione
1121 2869 1220 2951 oppri·

248 2946 399 3011 muntutl
425 2948 495 3009 Huc
518 2949 627 3011 accedit
644 2993 653 3024 ,
673 2949 814 3023 ludices,
836 2946 916 3029 quod
938 2948 1090 3011 hominem
1112 2966 1219 3011 natura

248 3026 384 3091 omniurn
413 3027 587 3089 animalium
615 3028 876 3109 praellantillimum
905 3028 1000 3089 multo
1021 3028 1057 3087 iis
1078 3028 1124 3089 isti
1145 3024 1219 3087 infe·

248 3108 354 3170 riorem
374 3104 504 3169 faciunt.
524 3109 606 3168 Nam
628 3128 695 3170 cum
717 3124 822 3171 notura
842 3105 905 3186 ipsa
921 3126 1001 3188 aque
1017 3105 1152 3168 omnibus
1167 3102 1218 3167 da·

248 3202 312 3251 tuin
334 3187 386 3263 sit,
408 3202 442 3249 ut
463 3184 584 3268 impune
607 3185 650 3261 se,
671 3186 787 3261 vitain,
807 3206 858 3248 eor
900 3183 967 3266 sque
989 3199 1153 3256 tueantur3
1184 3203 1217 3245 u·

248 3266 280 3330 r'ii
308 3267 426 3329 homini
454 3265 511 3328 hoc
533 3263 706 3328 beneficium
726 3264 829 3328 frustra
886 3279 952 3324 tum
972 3262 1037 3325 ellet
1057 3307 1067 3338 ,
1087 3264 1165 3348 qui,
1194 3262 1216 3323 li

248 3347 276 3409 le
294 3346 467 3422 defende-ns,
488 3346 582 3409 alium
603 3344 805 3420 interfecerit,
826 3358 889 3404 tam
910 3344 979 3430 ¹ellet
997 3344 1100 3406 mortis
1123 3365 1186 3407 reus
1206 3389 1217 3422 ,

265 3447 336 3491 uam
358 3427 378 3489 si
406 3427 504 3490 dedita
524 3446 635 3509 opera,
667 3441 755 3510 atque
772 3444 812 3487 eir
833 3421 942 3485 insidiis
970 3423 1055 3486 illurn
1072 3424 1214 3489 trucidas·

248 3444 305 3578 hm
324 3523 359 3571 ιιι
378 3527 554 3599 numquam,
573 3507 706 3584 ludices,
729 3504 817 3586 Legis
827 3501 986 3596 scripturn,
1007 3503 1082 3569 unde
1103 3506 1143 3569 est
1162 3505 1213 3569 hic

248 3604 342 3662 error,
362 3588 490 3666 attendi,
513 3587 561 3650 sed
578 3589 611 3650 in
629 3588 693 3658 eius
709 3584 882 3656 sententiam
903 3586 1023 3649 interius
1046 3587 1212 3677 penetrari,

248 3665 392 3748 &·quid,
419 3668 471 3749 qui
495 3670 606 3751 Legem
624 3668 721 3746 tulit,
748 3686 811 3729 non
829 3662 903 3748 quid
928 3664 1017 3729 uerba
1045 3665 1106 3747 ipsa
1126 3664 1212 3747 ligni·

248 3744 328 3807 ficare
359 3746 518 3826 videntur,
548 3747 706 3831 diligenter
726 3744 871 3809 observari
895 3744 1020 3809 debeat.
1051 3745 1115 3809 Nisi
1139 3763 1210 3806 uero

248 3824 342 3909 lcipio
359 3825 464 3893 Nolite
488 3826 548 3910 [ut
561 3828 692 3899 nilrilde
709 3826 745 3892 iis
760 3844 861 3969 ,Aque
885 3823 1036 3894 informis
1052 3845 1071 3889 ιι
1086 3821 1209 3959 pppsden·

295 3918 299 3925 '
831 3925 854 3984 4
900 3954 933 3996 Ὦ
1095 3917 1164 3962 nn
