3000 4559
338 477 397 562 138
556 473 810 539 BARTHOL.
839 471 1003 537 niceti

293 555 362 625 licet
383 558 477 639 magis
498 573 629 638 parentes
648 557 775 697 praviter
791 557 948 636 puniendos
965 556 1034 628 elle,
1055 567 1092 615 ut
1107 546 1244 626 iudicem}

314 642 345 703 ui
365 641 413 704 vel
435 639 531 699 literas
552 637 628 699 filios
662 657 713 699 uos
733 635 913 698 conformare
943 633 1086 716 magistris
1109 631 1243 695 traderent

290 662 454 793 docendos,
482 713 502 779 si
523 716 560 779 ab
580 738 613 778 ea
633 714 771 780 facultate
791 732 916 779 mortem
937 714 1077 776 nefariam
1099 711 1243 802 conseque·

292 815 417 862 rentur.
437 798 518 859 Nam
539 797 558 858 si
579 797 693 859 lsaatus
717 794 831 858 nullum
852 795 995 857 calamum
1015 790 1141 855 novillet
1158 834 1168 865 ,
1185 792 1241 852 lito

293 898 358 941 ram
380 877 501 940 scribere
519 875 673 952 nescillet,
702 896 762 938 nun
785 893 854 938 uam
883 876 913 936 in
936 874 991 936 hoc
1011 888 1130 934 tanturn
1150 869 1242 952 capitis

291 957 452 1040 periculum
473 955 593 1019 venisset
610 976 619 1028 3
634 973 674 1018 ur
694 956 743 1019 iste
764 897 861 1018 Famile
883 976 915 1017 us
935 956 967 1016 in
986 952 1040 1015 illo
1062 952 1115 1015 suo
1134 950 1244 1014 erimine

291 1039 330 1100 fic
350 1040 378 1100 se
397 1035 529 1100 scelerate
550 1037 668 1118 egerit,
696 1051 730 1098 ut
759 1037 847 1098 saneti
871 1050 960 1097 unam
988 1034 1079 1095 etiam
1103 1030 1241 1093 literarum

291 1114 461 1191 facultatem
483 1116 671 1199 coinquinare
692 1136 753 1179 non
773 1116 937 1178 dubitarit.
964 1112 1020 1176 Sed
1046 1111 1100 1195 qui
1120 1112 1199 1172 Deus
1212 1111 1239 1170 in

287 1197 398 1259 ceteris
418 1196 497 1258 illius
519 1194 729 1278 flagitiosrffimi
749 1194 871 1259 latronis
886 1193 1016 1258 confidis
1032 1192 1109 1254 dolis
1125 1206 1240 1253 noanon

288 1275 430 1351 deseruit,
451 1275 476 1337 is
496 1275 885 1358 hocquoquelococaullam
900 1275 1026 1337 nostram
1047 1289 1108 1335 non
1129 1270 1239 1332 deseret.

288 1353 352 1417 Has
372 1354 464 1437 igitur
483 1355 599 1431 literas,
619 1374 713 1438 neque
731 1353 890 1419 admodum
910 1353 1084 1432 diligentem
1104 1368 1151 1412 res
1171 1350 1236 1410 enim

286 1453 306 1497 a
342 1451 387 1497 rra
406 1434 463 1508 ell;
482 1435 706 1518 perscrutemur,
727 1434 748 1497 ti
769 1433 839 1518 quid
861 1434 927 1497 inde
944 1432 1010 1496 elici
1025 1426 1127 1513 pollit,
1147 1448 1238 1512 quante

324 1533 385 1576 rem
404 1511 485 1577 illius
507 1516 619 1598 magis,
635 1534 725 1598 quam
746 1516 841 1578 nostra
849 1531 951 1589 manu,
971 1508 1090 1592 scriptas
1111 1507 1168 1570 ell'e
1181 1529 1235 1589 pro·

284 1591 410 1657 bemus.
439 1595 592 1658 Continuo
619 1615 720 1658 earum
740 1595 772 1658 ἃ
791 1596 913 1670 oratio,
943 1594 974 1654 δι
996 1588 1143 1673 scriptura
1169 1589 1234 1650 ratio

283 1692 351 1737 eum
372 1678 415 1736 rei
434 1677 559 1738 veritate
579 1672 702 1738 minime
721 1673 887 1737 consentit,
916 1668 1014 1736 Profer
1034 1688 1069 1733 tu
1088 1690 1137 1731 eas
1153 1711 1164 1744 ,
1180 1685 1233 1750 qua

283 1753 322 1816 ad
341 1753 553 1816 Centurionem
574 1755 683 1836 scripta
702 1753 786 1817 sunt.
807 1754 886 1816 Vide
905 1753 1046 1816 continuo
1064 1795 1074 1826 ,
1092 1749 1234 1828 Princeps,

284 1831 409 1914 primam
430 1832 554 1912 epistola
582 1835 722 1908 literam,
739 1851 784 1897 ut
803 1831 878 1896 bella
899 1832 938 1895 ell
958 1830 1075 1913 putretis
1095 1830 1128 1891 in
1148 1826 1233 1907 medio

284 1912 434 2002 pueriliter
453 1930 573 1986 ornata,
594 1930 683 1996 atque
699 1913 834 1994 depidla.
855 1912 951 1987 Vide,
970 1909 1183 1991 contemplare,
1202 1921 1230 1968 ut

281 1991 429 2072 ineptiolis
449 1993 490 2057 est
512 1991 660 2055 dillindla.
680 1994 740 2056 Hic
761 2007 797 2056 ne
817 2010 878 2057 tam
901 1995 1032 2073 ineptus,
1055 2002 1118 2052 tarn
1139 2003 1232 2070 panun

280 2069 497 2148 consideratus,
546 2070 631 2135 uide
652 2094 682 2136 re
702 2089 786 2136 tanta
806 2073 951 2148 scribens,
981 2069 1024 2133 ita
1043 2068 1231 2151 imprudenter

278 2148 409 2240 luderet,
427 2167 517 2234 atque
559 2173 589 2212 as
609 2152 763 2236 ineptiolas
785 2148 1027 2217 consedlaretur?
1055 2153 1100 2212 At
1121 2162 1230 2210 manum

280 2228 497 2294 drffimulabat.
525 2230 642 2295 Scilicet
662 2234 695 2295 in
717 2251 776 2295 una
796 2251 912 2297 tantum
933 2233 1019 2294 litera
1037 2225 1230 2292 dissimulande

262 2326 380 2372 ¹cautus
398 2309 516 2387 fuisset,
540 2309 592 2392 qui
607 2313 752 2405 integram
769 2315 919 2397 epistolam
946 2309 997 2373 sua
1011 2327 1152 2393 germana
1172 2304 1231 2369 scri

282 2390 373 2479 psillet
394 2411 506 2453 manu.
536 2391 618 2468 Ille,
640 2395 776 2475 Princeps
793 2395 871 2477 ,qui
895 2394 991 2455 literas
1017 2390 1164 2473 protulit,
1185 2404 1227 2448 eas

280 2484 371 2530 ettam
388 2467 496 2552 scriplit
514 2514 524 2545 ,
545 2486 578 2532 ut
595 2471 738 2535 montilla
763 2474 829 2554 ipsae
845 2475 934 2535 litera
949 2469 1134 2534 fatebuntur.
1149 2463 1226 2542 Quod

281 2564 351 2609 vero
376 2548 412 2610 ad
437 2551 633 2625 orationem,
657 2553 739 2613 nulla
763 2554 857 2635 magis
883 2549 1012 2626 insulsa,
1036 2549 1132 2630 magis
1155 2546 1226 2609 fatue

283 2625 342 2706 legi
358 2631 451 2708 potest
470 2630 591 2770 'Neam
598 2631 676 2691 eninr
686 2631 732 2692 hic
742 2652 822 2696 meus
832 2648 926 2695 totam
933 2647 1049 2694 :etatem
1057 2632 1091 2692 in
1101 2625 1225 2708 ampliu«

279 2707 362 2785 mis,
384 2726 418 2769 ac
442 2706 533 2769 nobili
554 2711 620 2770 imis
645 2712 771 2790 negotiis
795 2713 956 2789 versatus,
979 2711 1090 2794 quique
1115 2709 1222 2771 illorum

278 2801 420 2873 annorum
443 2786 597 2848 volumina
616 2788 766 2851 literarum
790 2790 920 2873 scripsit,
948 2807 1009 2853 tam
1037 2788 1222 2871 negligentem

277 2878 367 2952 ettam
391 2865 488 2928 dedita
512 2885 623 2948 opera,
647 2866 765 2931 scribere
790 2873 949 2952 potuillet.
976 2870 1030 2933 Sed
1055 2869 1172 2952 propius
1190 2864 1221 2926 ad

276 2940 360 3005 istum
378 2944 570 3036 accedamus.
595 2947 677 3025 Ille,
700 2950 847 3032 inquam,
870 2952 1020 3042 Princeps,
1037 2951 1109 3013 dum
1124 2948 1155 3009 in
1170 2944 1221 3009 sola
1249 2958 1257 2989 ·

274 3039 365 3113 manu
390 3021 480 3087 Isaacr
508 3026 666 3091 simulanda
689 3047 777 3092 omne
799 3030 881 3094 suum
905 3031 1031 3094 studium
1054 3028 1140 3113 ponit
1161 3071 1171 3102 ,
1191 3024 1219 3086 in

273 3119 407 3195 oratioue
423 3104 472 3167 sua
487 3103 687 3172 diffimulanda
702 3129 805 3190 parum
829 3128 956 3175 attentus
971 3110 1045 3174 luit.
1065 3113 1147 3172 Nam
1161 3125 1224 3168 curn·

272 3181 323 3244 sua
338 3203 461 3266 curque,
477 3185 630 3268 Princeps,
650 3188 682 3251 δι
695 3192 797 3272 genti,
813 3191 845 3254 δι
867 3192 947 3255 aerati
962 3191 1074 3272 semper
1096 3186 1219 3253 fueritin

273 3261 402 3352 sermone
423 3280 502 3355 certa
524 3267 673 3358 quaedam,
697 3291 731 3332 ac
752 3290 805 3353 pro
825 3272 868 3333 ria
890 3272 1030 3354 loquendi
1053 3270 1129 3334 ratio
1143 3311 1154 3342 ,
1168 3265 1220 3326 Ve-

273 3360 348 3431 netis
373 3358 515 3436 antrquus‘
534 3367 565 3407 tn
589 3347 755 3428 proferendo
780 3292 845 3414 ufus
860 3351 916 3413 fuit
931 3394 941 3427 ‚
957 3350 1139 3430 utgliteram
1154 3344 1219 3408 mul·

271 3435 309 3480 trs
325 3422 444 3516 vocibus
469 3424 652 3504 adimerent,
670 3445 703 3491 ur
727 3431 760 3492 in
779 3432 955 3513 guadagno,
977 3433 1008 3492 in
1026 3451 1144 3511 guerra,
1155 3446 1222 3506 gu·

266 3499 334 3576 llo,
357 3521 487 3581 guamo,
511 3509 643 3584 guarda,
670 3508 700 3568 dt
728 3509 760 3572 in
781 3510 920 3582 eiusmodi
941 3530 1000 3573 non
1023 3510 1122 3592 paucis
1144 3505 1222 3578 aliis,

270 3592 343 3659 quas
363 3577 466 3672 absque
477 3604 499 3661 g
520 3585 575 3646 hoc
596 3586 936 3669 modopronunciarunt,
958 3593 1109 3670 nerdugna,
1131 3608 1222 3658 vara,

269 3658 369 3733 vasto,
391 3678 507 3751 varran,
530 3668 644 3728 vardo:
673 3686 762 3749 quarn
785 3668 946 3749 proferendi
971 3672 1118 3732 rationem
1141 3665 1225 3729 hodie

268 3753 386 3820 quoque
407 3739 527 3882 imm
552 3745 583 3804 in
599 3766 632 3806 ea
654 3747 732 3810 Urbe
757 3751 899 3826 retinent,
921 3770 994 3834 quos
1018 3751 1064 3812 illi
1088 3747 1224 3812 Callella·

267 3834 340 3895 uos,
361 3820 409 3881 An
430 3839 547 3904 reanos,
566 3824 744 3909 Canaregios
764 3829 939 3913 appellant,
957 3831 1010 3918 qui
1034 3832 1068 3895 in
1089 3830 1225 3894 extremis

154 3898 243 4062 5
