3000 4559
321 544 325 549 .
353 466 555 563 ortensio
575 469 748 531 courir
770 471 880 531 onir.
900 471 1088 532 renovri.
1134 489 1191 547 ¹99

277 674 280 679 -
302 629 346 693 Et
368 631 552 713 Rhodiginus
574 632 605 696 in
626 627 733 691 Estenfi
757 649 827 691 voce
848 649 963 691 mecum
984 627 1074 707 tacit,
1095 631 1147 712 qui
1163 630 1228 693 bar·

261 711 364 775 iuram
385 733 488 773 vocem
509 708 564 773 effe
584 709 693 773 novit.
715 708 805 770 Illum
826 710 918 791 igitur
939 710 1062 786 accusa,
1082 712 1134 796 qui
1159 727 1228 775 roos

262 793 434 873 imperitos,
456 791 508 872 qui
529 789 637 852 Estensr
659 809 730 851 voce
750 790 790 852 usr
812 791 895 866 sunt,
918 808 981 855 tntu
1001 807 1099 871 aperte
1123 790 1231 871 impro-

262 873 331 949 bat,
353 874 463 954 inqua
483 871 533 932 sua
552 870 643 935 altera
662 890 733 931 voce
756 870 843 945 relic,
863 891 1003 933 cumeum
1026 871 1166 937 Latinam
1187 871 1231 933 es.

265 955 292 1017 ie
312 951 397 1014 sensit
414 973 421 1022 ;
441 967 510 1013 curn
531 969 602 1016 vero
621 970 688 1011 cum
710 951 806 1012 Genre
825 971 889 1013 eam
909 951 1134 1033 communicat,
1162 971 1224 1016 uon

265 1035 322 1097 ita.
343 1031 391 1095 Ita
412 1051 447 1093 ue
467 1051 535 1094 curn
556 1030 681 1093 Atestios
711 1029 840 1093 Estenses
862 1032 1018 1117 appellas,
1046 1052 1114 1094 eum
1134 1032 1171 1096 iis
1195 1047 1231 1095 tu

266 1133 385 1198 quoque
426 1111 523 1173 arbane
544 1112 633 1251 asgis:
663 1110 778 1192 inqua
804 1132 877 1174 voce
908 1129 992 1176 tanto
1019 1112 1148 1175 crebrior
1169 1131 1232 1186 es,

264 1210 379 1278 quanto
399 1193 444 1254 tui
466 1191 552 1253 Esten
565 1210 620 1265 es,
649 1210 739 1272 quarn
760 1192 913 1269 Atestini,
934 1193 1053 1275 plures,
1073 1213 1106 1256 ac
1127 1191 1232 1263 majori

266 1292 334 1339 cunr
355 1269 501 1358 Imperio,
521 1270 690 1338 tumetium
710 1269 796 1335 rebus
812 1272 945 1361 praeclare
961 1274 1048 1361 gestis
1068 1271 1203 1341 filerunt.

306 1437 381 1496 Cum
396 1433 481 1513 igitur
496 1431 631 1512 Atestinus
648 1454 713 1495 uoco
729 1476 738 1508 ,
761 1429 797 1492 ab
816 1432 949 1514 imperitis
964 1433 1113 1516 differtio.
1136 1432 1236 1493 Nonne

263 1515 324 1600 post
343 1512 532 1593 Rhodiginum
552 1515 651 1573 Petrus
670 1509 794 1575 Bembur
814 1515 986 1594 Purpurariis
1006 1511 1128 1589 Antifles
1146 1508 1237 1570 tribus

268 1597 299 1654 in
320 1593 449 1676 Epistolis
469 1593 606 1672 Atestinos
625 1590 769 1673 appellnt?
790 1617 877 1654 nonne
896 1594 1006 1653 Paulus
1017 1592 1126 1674 Jovius
1141 1591 1238 1656 Novo·

271 1696 362 1738 eornm
373 1695 397 1733 rs
403 1673 567 1754 Episcopus,
588 1671 762 1754 politioribus
777 1673 937 1755 disciplinis
953 1674 1041 1740 valde
1058 1670 1237 1754 conspicuus,

269 1757 300 1816 in
321 1757 386 1816 vira
416 1752 581 1836 Pandulpbi
609 1753 776 1830 Colenutii,
804 1754 932 1816 Herculis
947 1759 1094 1828 Strozzae,
1122 1747 1241 1820 *Albertl

273 1836 348 1912 Piis,
367 1835 509 1898 Ludovici
528 1832 656 1910 Ariofii,
678 1832 816 1913 Coeliique
836 1835 1005 1916 calcagnini
1019 1833 1156 1910 Areflines
1170 1851 1242 1896 com-

270 1913 418 1976 memorat?
439 1930 525 1974 nonn'e
545 1916 663 1978 strazze
680 1930 777 1994 puter,
799 1915 839 1974 (9
846 1910 946 1991 filins,
967 1914 1027 1977 Viri
1047 1913 1170 1974 omnium
1191 1911 1240 1986 s'u·

271 1997 342 2057 dicio
362 1995 550 2071 eruditiffimi,
573 1996 713 2072 Poenaeque
734 1992 918 2070 celeberrimi,
938 1995 1075 2071 Atestinus
1094 1991 1238 2070 Principes

271 2073 391 2139 vocant?
413 2086 480 2155 qs'sor
493 2074 562 2134 dum
572 2073 694 2156 sequor,
710 2095 754 2134 me
769 2072 922 2135 barbarum
933 2075 984 2158 effe
999 2096 1052 2137 non
1066 2069 1200 2136 arbitror,

313 2237 385 2297 Non
401 2253 450 2294 eos
468 2252 524 2372 effo
539 2227 675 2292 barbaros
691 2229 745 2290 esse
761 2228 824 2291 dixi
840 2275 850 2305 ,
868 2231 922 2319 qui
939 2230 1071 2290 Atestina
1085 2247 1158 2288 voce
1175 2224 1242 2287 sunt

276 2316 318 2380 usr
367 2334 399 2373 ro
420 2314 478 2372 Ate
504 2313 532 2370 ia
547 2311 670 2382 nostra,
691 2309 737 2369 sed
761 2310 856 2388 impro
877 2330 917 2370 rte
939 2308 1052 2370 locutos
1074 2308 1127 2368 effe
1148 2303 1179 2370 ἃ
1198 2304 1242 2367 di·

274 2391 328 2470 xi,
346 2335 381 2453 iit
396 2386 535 2471 probavi.
554 2389 607 2448 Tu
627 2407 697 2448 vero
717 2407 817 2459 eorum
871 2388 979 2450 irorunr
999 2387 1174 2454 aucloritate
1191 2403 1244 2524 Yu-

275 2491 352 2557 gnas
369 2514 380 2546 ,
398 2471 453 2554 qui
474 2469 494 2530 sr
517 2468 551 2530 de
574 2467 628 2531 hac
648 2487 746 2544 voce,
767 2467 798 2530 δι
814 2469 917 2536 multis
936 2469 1020 2540 huius
1041 2466 1154 2550 generis
1175 2481 1243 2524 ans

276 2550 393 2616 consuli
415 2548 552 2632 poffent,
581 2549 610 2609 id
637 2547 785 2624 arbitror,
814 2549 894 2632 quod
914 2549 967 2634 qui
988 2549 1083 2613 adhuc
1104 2546 1213 2627 vivunt
1233 2586 1244 2618 ‚

276 2630 335 2696 tibi
356 2630 584 2712 responderent,
614 2629 754 2692 Latinam
776 2649 890 2692 revera
909 2649 1006 2695 meam
1034 2628 1090 2691 else
1110 2644 1246 2699 vocem,

277 2714 307 2777 se
328 2730 401 2775 vero
422 2711 615 2774 recentiorum
644 2708 727 2772 usum
748 2710 888 2788 secutos,
917 2711 1092 2802 culpamque
1119 2708 1194 2769 hanc
1214 2723 1249 2769 u·

278 2811 382 2857 mnem
405 2791 436 2852 in
457 2809 526 2864 eos,
548 2790 604 2852 hoc
618 2789 676 2863 est,
696 2790 740 2852 rui
761 2790 883 2870 similes,
902 2792 954 2880 qui
962 2790 1051 2880 primi
1068 2803 1247 2854 vocemeatu

280 2872 476 2954 ulutpaffent,
496 2868 580 2932 facile
601 2871 794 2942 conjicerent.

323 3029 461 3110 Ellensem
479 3045 572 3089 aurem
593 3048 688 3090 vocem
712 3046 764 3109 pro
782 3027 903 3091 balbum
923 3022 1075 3112 euplosnrn¹
1095 3050 1148 3089 non
1156 3022 1252 3165 [uiffe

283 3114 391 3188 affirmo
409 3154 419 3185 ,
440 3127 472 3169 us
487 3109 544 3188 ipse
565 3106 733 3186 differebar.
754 3110 787 3168 Si
801 3111 875 3168 enim
890 3107 945 3170 hec
962 3131 1018 3169 vox
1032 3107 1095 3187 effer
1108 3104 1157 3167 bar
1174 3126 1223 3164 ara
1241 3145 1252 3176 ,

283 3189 417 3254 barbarus
439 3191 535 3269 utique
555 3188 618 3268 effer
638 3185 810 3262 Sabellicus,
831 3189 980 3268 Longolisu
999 3184 1035 3249 ab
1055 3209 1084 3245 eo
1104 3202 1255 3264 numquam

278 3273 356 3352 saris
375 3273 527 3343 laudatus,
549 3270 705 3346 Pomanus,
724 3266 820 3330 Aldus
840 3268 1009 3345 Manutius,
1028 3264 1136 3326 Coelirrs
1155 3263 1257 3326 Calcu-

283 3349 546 3434 grinus,Bnprijia
557 3365 659 3430 parer,
680 3350 722 3409 (9
733 3345 997 3424 Alexanderfllius,
1018 3345 1256 3419 centensem·

288 3456 328 3497 ra
345 3449 453 3513 puter,
481 3429 575 3491 Lilius
597 3429 768 3509 Gregorius,
798 3426 980 3510 cinthiusqu'e
988 3431 1113 3508 joannes
1127 3427 1158 3499 B,
1193 3421 1258 3499 rista

286 3514 439 3592 Gyraldi,
467 3511 507 3572 (9
527 3513 573 3571 M.
590 3509 730 3572 Antonius
750 3506 962 3584 Antimachus,
990 3510 1077 3569 Pure
1115 3501 1258 3579 recarrffi·

287 3614 371 3669 mus,
393 3592 431 3653 (9
447 3591 478 3652 in
493 3607 609 3669 utraque
616 3589 760 3649 literatura
776 3590 881 3648 nemini
893 3587 1050 3666 secundat,
1070 3521 1175 3667 aiiique
1188 3602 1259 3647 com-

285 3677 385 3758 plures
406 3671 445 3732 &
462 3673 567 3745 Portu,
589 3673 628 3730 (9
643 3673 770 3731 Oratores
786 3697 795 3729 ·.
823 3667 980 3732 Sabellicus
1000 3669 1073 3729 eninr
1093 3667 1123 3727 in
1143 3661 1260 3725 Chroni-

291 3757 332 3816 ris
352 3752 478 3827 Mundi,
496 3748 537 3811 (9
553 3755 730 3825 Venetorum,
752 3746 793 3810 (9
813 3748 843 3808 in
860 3745 968 3812 Libello
983 3750 1018 3808 de
1033 3748 1143 3809 Latine
1161 3745 1260 3825 lingue

287 3835 483 3916 proprietam
508 3831 658 3912 Inngolius
688 3829 860 3972 quinquelii
889 3830 1018 3911 Epijiulis
1043 3830 1088 3891 ael.
1103 3822 1257 3963 Oligvim

398 3957 400 3960 .
894 3929 916 3985 4
1179 3922 1215 3959 rr·
