3000 4559
339 452 536 543 obtentio
557 426 730 545 nonina
750 458 861 520 cato.
884 457 1070 547 snnnvn.
1114 456 1174 530 169

251 551 357 624 iatine,
379 550 412 595 ut
434 532 860 627 huinsd1e1‚e1nsque,·dnm
882 555 991 626 vivos,
1011 533 1101 608 probe
1123 554 1216 626 recon-

254 614 344 675 deris.
366 613 427 675 Tot
447 633 526 704 enini
548 628 577 703 te
597 612 683 675 hodie
703 615 803 684 iaculis
824 612 989 708 confodiam
1006 659 1016 705 2
1035 630 1114 705 quot·
1130 612 1217 676 Echi-

252 713 306 784 nus
330 691 357 753 se
379 712 459 782 mens
482 693 570 831 sfnns
591 708 685 754 armat
698 735 711 782 t
739 709 828 789 atque
847 708 1030 836 circumtegit
1047 693 1170 783 ...R1ccn
1192 714 1218 754 1·

249 789 331 914 {ntur
351 792 385 833 ea
394 771 494 852 Episto
507 772 606 847 a,est,
625 771 956 859 Sard1,e1us,1nquam',
1007 792 1072 834 icen
1081 771 1138 846 est,
1153 774 1216 835 Sar·

271 853 298 927 i,
320 851 379 913 illa
394 849 551 930 Epistola,
574 871 663 933 quam
684 867 716 915 tu
738 869 790 916 tuo
813 858 932 920 nomine
953 852 1098 935 cujusdam
1120 854 1217 932 appel·

252 931 312 1007 ins,
335 930 387 1012 qui
409 948 473 992 tuas
494 929 547 993 tibi
568 931 691 1014 ineptias
712 931 812 1015 saepius
834 935 971 1012 correxit,
992 933 1073 1003 cujus
1093 930 1216 994 domum

248 1010 374 1074 obeam
395 1031 454 1072 rem
478 1010 568 1092 ipsam
597 1013 687 1075 etiam
717 1029 796 1075 trans
823 1017 933 1081 Padum
953 1036 1002 1097 pet
1021 1012 1150 1075 summos
1171 1033 1216 1075 ar·

248 1089 406 1154 dentissimi
425 1091 499 1152 Solis
522 1091 601 1153 aestus
625 1092 791 1169 ventitant,
832 1114 916 1172 uem,
958 1096 1006 1160 uia
1026 1091 1080 1156 tibi
1102 1091 1215 1154 adulari

248 1170 416 1244 nesciebat,
445 1191 478 1232 ac
529 1172 610 1247 lane,
642 1188 675 1234 ut
697 1171 723 1234 se
747 1117 922 1258 tuaicripta
936 1116 1074 1249 barbare,
1094 1171 1142 1234 ine
1164 1188 1210 1247 to,

248 1249 408 1393 insulsetaue
430 1192 528 1314 habeb
936 1253 942 1267 ⁸
1140 1191 1215 1334 3,]

524 1269 599 1328 ant,
630 1251 775 1328 liberius,
803 1252 897 1337 [quae
918 1275 977 1325 eius
998 1269 1102 1316 natura
1123 1272 1138 1313 e
1240 1287 1249 1306 .

248 1329 354 1393 demon
381 1330 483 1407 ravit,
515 1331 584 1394 odio
604 1331 708 1395 habere
730 1334 867 1414 copisti,
889 1332 1071 1415 quod,cu1n
1092 1331 1214 1393 ulterius

248 1408 384 1473 sustinere
405 1431 464 1471 non
486 1411 593 1492 posses,
616 1428 712 1474 totum
735 1413 767 1474 in
788 1412 862 1476 hanc
883 1433 978 1474 meam
995 1410 1157 1492 Epistolam
1173 1407 1214 1472 es·

249 1485 364 1553 fudisti.
386 1492 433 1551 Ne
455 1511 501 1552 me
522 1511 592 1572 coge
614 1490 658 1554 tui
679 1492 759 1554 istius
779 1492 810 1553 in
831 1513 878 1554 me
900 1489 1070 1574 iniquissimi
1090 1489 1151 1552 odii
1170 1489 1215 1551 lo-
1246 1549 1255 1562 ,

248 1562 452 1652 cupietissimos
474 1574 556 1634 testes
577 1571 683 1647 citare,
706 1592 830 1654 quorum
852 1571 904 1633 scis
925 1571 1048 1633 alterum
1066 1569 1140 1632 mihi
1155 1570 1214 1641 inm

248 1648 428 1731 superstitem
450 1649 520 1725 esse,
543 1653 651 1734 quique
671 1668 704 1714 ut
726 1651 835 1715 diutius
859 1650 993 1732 superfit,
1011 1651 1092 1712 Deos
1113 1669 1215 1712 omnes

249 1748 342 1808 rog03
363 1730 485 1791 alterum
511 1731 566 1793 hoc
586 1731 678 1812 ipsum
700 1731 777 1812 apud
800 1733 896 1795 Deum
911 1733 984 1812 Opt.
1000 1731 1083 1792 Mat.
1104 1728 1216 1806 testari,

251 1828 342 1889 neque
364 1809 420 1889 ipse
441 1809 623 1873 inficiabere.
657 1811 671 1872 Ι
693 1812 807 1887 modo,
838 1814 979 1893 tuumque
1000 1809 1053 1874 tibi
1072 1809 1145 1872 illud
1168 1827 1215 1871 cte·

251 1889 363 1966 jusdam
385 1889 512 1952 habeto.
544 1890 598 1953 Sed
621 1890 678 1954 haec
699 1890 771 1954 solia
793 1892 857 1954 sunt
878 1911 885 1951 :
909 1912 979 1954 mox
1000 1891 1030 1952 in
1051 1907 1080 1953 te
1101 1892 1215 1954 arbores

253 1967 373 2044 cadent,
393 1990 456 2052 quae
479 1970 521 2033 ita
543 1988 570 2031 te
592 1992 678 2033 onere
719 1988 857 2047 remant,
881 1987 913 2034 ut
935 1970 1101 2033 sardonium
1122 1970 1215 2033 rideas

255 2049 377 2123 moriens
399 2049 501 2111 risum.
525 2049 637 2112 Vocem
660 1992 757 2131 pofiea
777 2051 909 2127 Atestiaem
930 2052 987 2110 tuis
1006 2048 1123 2109 antibus
1137 2050 1217 2110 inan-

254 2129 340 2187 ditam
362 2128 415 2190 esse
436 2128 523 2189 dicis.
544 2129 593 2189 Tu
615 2150 673 2189 non
695 2149 798 2190 vocem
819 2149 883 2190 eam
905 2129 1027 2191 antehac
1048 2129 1083 2190 de
1105 2148 1151 2189 me
1168 2130 1216 2188 sae·

273 2208 315 2270 ius
335 2206 458 2271 aunisti?
482 2209 522 2268 At
532 2206 616 2268 habes
634 2207 738 2270 abhinc
747 2227 856 2270 novem
872 2227 962 2268 annos
972 2215 1070 2268 meum
1083 2205 1217 2284 'opuscu-

250 2226 313 2349 ium
335 2293 380 2350 De
401 2284 520 2360 Consilio
549 2286 710 2362 Principis,
742 2287 814 2347 item
844 2287 923 2364 Opus
948 2285 984 2347 de
1003 2284 1159 2343 imitatione
1179 2285 1217 2346 ad

253 2365 437 2448 Alphonsnrn
460 2363 603 2424 Atestium
626 2364 762 2426 Herculis
782 2365 902 2438 filium,
926 2377 958 2425 ut
981 2379 1037 2424 tres
1059 2361 1216 2425 Orationes

254 2462 436 2525 praeteream,
457 2443 487 2506 in
509 2441 613 2525 quibus
634 2442 733 2505 crebro
754 2465 812 2505 vox
834 2443 894 2504 haec
915 2442 1050 2525 usurpata
1063 2442 1119 2505 est.
1140 2446 1216 2505 Ata
1244 2445 1245 2449 ’

252 2540 281 2587 te
304 2545 363 2584 uno
385 2539 519 2598 tantum,
540 2523 593 2604 qui
615 2523 690 2585 mihi
707 2544 768 2585 non
788 2543 817 2584 es
834 2521 922 2584 instar
938 2522 1087 2585 omnium.
1109 2522 1216 2605 Neque

257 2601 283 2664 id
309 2603 383 2664 mihi
406 2623 510 2684 arrogo
526 2643 545 2678 ‚¹
565 2603 644 2685 quod
668 2620 699 2666 tu
719 2601 790 2665 sacis
811 2622 879 2665 cum
901 2603 960 2664 tuis
981 2601 1166 2676 tabernariis,
1186 2618 1217 2664 at

255 2683 362 2745 multas
384 2703 402 2743 a
423 2682 460 2744 ud
482 2699 590 2744 veteres
612 2683 648 2757 nd
670 2684 730 2755 ejus
752 2684 896 2746 rationem
915 2679 1022 2756 saetas,
1043 2699 1076 2746 ut
1097 2680 1173 2744 inE
1194 2683 1216 2742 i·

258 2762 326 2824 stola
347 2784 386 2825 no
411 2784 443 2826 ra
466 2761 534 2825 satis
554 2762 777 2846 comprobatum
793 2762 851 2842 est,
871 2762 902 2825 δι
923 2761 1039 2838 vidisti,
1060 2703 1219 2845 &legib

291 2921 419 2982 Intellexi
433 2920 554 3001 subinde
574 2921 764 3064 [sequerisJ³
781 2946 843 2985 eum
864 2923 985 3000 accusari
1004 2937 1148 3002 tamquam
1167 2944 1218 2981 nn·

257 3001 401 3081 tiqniffimae
422 3003 650 3083 interpretationis
670 3025 738 3065 corre
765 3025 847 3077 orem,
867 3023 1027 3081 novumque
1047 3001 1138 3060 veluti
1158 3022 1219 3061 cen·

252 3081 353 3156 sotem.
375 3084 514 3168 Quocirca
534 3080 668 3142 nonnulla
690 3083 725 3143 de
748 3083 937 3154 Praenomine,
952 3079 1088 3152 Nomine,
1108 3077 1147 3140 (θ’
1163 3081 1217 3138 Co·

253 3164 375 3240 gnomine
397 3184 468 3221 more
488 3164 609 3222 Romano
630 3181 648 3218 a
664 3160 807 3241 postremis
826 3156 946 3239 Regibus
962 3159 1002 3217 ad
1015 3158 1118 3239 primo
1133 3156 1219 3236 nsque

254 3243 430 3325 imperatores
453 3240 492 3303 Θ·
511 3242 610 3382 οοῖἱοε
631 3238 670 3300 Φ
690 3238 825 3318 eleganter
844 3235 976 3315 interserit
994 3236 1087 3314 ,sed‚
1108 3258 1146 3297 an
1168 3259 1219 3296 ve·

253 3343 299 3403 re,
320 3323 514 3404 inconpertum
553 3343 571 3380 a
589 3341 632 3380 eo.

290 3480 412 3562 Ubique
429 3481 494 3557 iste,
514 3479 642 3543 Praesesii
658 3477 746 3554 Viri,
767 3492 800 3540 ut
816 3474 971 3551 videbitis,
987 3492 1039 3539 aut
1054 3475 1221 3559 mangano,

250 3579 306 3628 out
328 3561 433 3623 stultus
454 3560 510 3622 est.
530 3562 622 3642 Supra
636 3557 837 3651 grandioribus
847 3557 943 3646 ‘literis
959 3555 1094 3638 scriptum
1110 3577 1218 3620 nomen

248 3661 358 3707 :neum
379 3639 593 3718 dissimulavit,
623 3641 670 3702 hic
690 3658 794 3703 vocem
814 3652 904 3699 etiam
924 3653 1112 3701 commutat.
1137 3637 1219 3714 Quid

248 3725 353 3797 enim,
375 3720 580 3795 somniculose,
599 3721 669 3780 inter
700 3718 825 3780 nationis
844 3715 1024 3777 conekiorem?
1047 3717 1095 3779 ubi
1115 3717 1159 3779 ita
1179 3717 1222 3777 ie·

248 3805 335 3888 gitur
358 3799 390 3862 in
411 3819 476 3863 inea
496 3799 646 3881 Epistola?
696 3799 742 3862 edi
758 3798 797 3871 ad.
811 3797 927 3871 locum3
943 3796 1012 3861 affer
1030 3817 1096 3862 eam
1116 3814 1220 3885 vocem

1138 3896 1181 3931 tn·

699 3952 704 3959 x
