3000 4559
546 478 958 549 ORATJONER
1145 480 1184 565 ἢ

256 572 292 623 ut
315 562 412 643 potius
434 560 494 643 ipsa
514 563 608 644 plures
630 563 724 643 Reges
747 562 781 623 srt
797 562 979 644 superatura,
999 580 1087 643 quam
1110 563 1169 626 sola
1185 558 1233 627 ab·

257 642 396 702 omnibus
419 640 546 722 Regibus
567 642 743 722 superanda,
765 644 836 722 quia
857 642 916 711 ejus
933 643 1046 705 summa
1062 662 1223 727 numquam

295 740 309 780 r
332 720 541 802 Imperatorem
564 723 597 782 in
619 721 782 801 periculum
805 721 907 783 adduci
927 722 1035 804 potesl-
1058 722 1159 797 Nam,
1176 724 1225 785 ἀει

260 738 320 862 peto
343 820 402 863 uno
422 803 547 864 exercitu
567 841 581 875 ,.
597 822 691 863 novus
715 800 868 872 relicitur3
897 801 999 864 amisso
1020 801 1111 863 veteri
1132 800 1226 892 Impe-

260 894 384 956 ratore,
412 881 484 943 alter
504 881 550 942 illi
573 880 736 943 sufficitur:
767 882 810 943 uti
839 882 977 945 Romanae
999 880 1084 962 Reip
1106 882 1229 943 evenisse

262 961 393 1034 constat,
433 981 475 1022 uae
498 960 723 1022 innumerabiles
742 961 835 1041 Reges
857 959 921 1023 sube
942 962 967 1024 it
1007 980 1025 1022 a
1045 959 1149 1022 multis
1166 959 1229 1041 ipsa

262 1057 319 1101 una
341 980 432 1102 fimul
445 1039 551 1102 soedere
574 1041 678 1113 junclis
700 1040 774 1101 nihil
792 982 975 1103 ontnsafut
989 1039 1111 1103 omnino
1130 1040 1230 1121 magis

262 1117 371 1200 Regem
395 1120 514 1182 consilio
534 1119 615 1180 domi
637 1119 745 1183 bellum
787 1142 880 1196 erere,
901 1142 991 1204 quam
1012 1116 1099 1194 soris,
1118 1136 1170 1182 aut
1193 1120 1227 1182 in

261 1198 322 1259 acie
343 1199 524 1274 instruenda,
545 1214 596 1260 aut
616 1201 742 1262 exercitu
765 1141 927 1277 dullando,
948 1216 999 1263 aut
1020 1220 1108 1261 manu
1128 1201 1227 1262 conse·

263 1277 350 1367 tenda
370 1279 528 1341 conducere
549 1279 710 1354 videatur,
739 1281 858 1362 quando
886 1281 947 1352 ejus
967 1280 1086 1361 persona
1106 1295 1151 1341 tot
1173 1278 1226 1341 sabi

262 1357 475 1434 incommoda,
506 1373 551 1419 tot
571 1379 640 1420 vero
662 1358 736 1419 hosti
757 1360 912 1421 commoda
933 1361 966 1422 sit
986 1359 1134 1421 allatura,
1162 1358 1228 1418 Ha·

263 1435 360 1499 Renus
384 1457 436 1517 pro
457 1456 518 1511 eo,
547 1439 599 1519 qui
627 1439 737 1518 Regem
767 1439 804 1499 ab
831 1440 958 1501 exercitu
988 1437 1155 1500 abluturum
1176 1437 1229 1498 ello

263 1516 414 1591 censebat,
436 1534 552 1598 remque
572 1537 622 1598 per
643 1518 716 1579 alios
737 1519 822 1580 illum
844 1538 940 1601 gerere
960 1517 1108 1580 malebat.
1137 1517 1229 1578 Nunc

264 1595 441 1676 regrediar,
470 1595 540 1678 quid
564 1613 664 1659 contra
685 1597 763 1660 hunc
783 1598 990 1668 adversarius;
1017 1613 1105 1678 atque
1127 1595 1227 1658 statim

264 1643 301 1737 ad
321 1675 360 1736 rei
382 1673 541 1751 summam,
563 1696 626 1759 quae
647 1698 824 1760 numquam,
845 1678 974 1740 nisrcum
995 1697 1037 1738 res
1059 1691 1110 1738 aut
1126 1674 1225 1757 cogit,

266 1771 313 1816 aut
336 1774 389 1834 pro
408 1754 489 1816 nobis
514 1753 660 1820 manisesle
681 1775 816 1841 apparet,
834 1757 1022 1838 periclitanda
1042 1756 1104 1818 est.
1134 1752 1228 1832 Quod

266 1833 375 1973 quidem
396 1834 447 1896 isle
461 1835 519 1897 fine
536 1836 596 1898 ulla
611 1838 803 1900 controversia
817 1838 966 1913 concedit,
987 1836 1035 1899 sed
1052 1835 1125 1898 illud
1142 1856 1223 1916 pror·

277 1933 306 1974 us
326 1931 477 1996 pernegat,
501 1916 531 1976 in
549 1917 693 2007 praesentis
711 1918 802 2000 Regis
819 1917 938 1999 persona
954 1933 1071 1980 tantum
1088 1917 1128 1977 rei
1147 1916 1226 1976 surn-

267 2011 339 2055 mam
361 1991 482 2056 sortunae
502 1995 588 2065 objici
609 1998 746 2060 omnino.
769 2000 849 2060 Nam
871 1997 891 2059 sr
913 1998 955 2059 ita
976 1997 1027 2070 srt,
1048 2015 1148 2056 ornnes
1165 1996 1222 2057 Re·

268 2091 325 2210 ges,
366 2074 395 2134 ui
417 2073 567 2153 praesentes
582 2075 690 2137 bellum
708 2076 792 2138 suum
813 2075 970 2158 gessissent,
989 2096 1049 2137 rem
1065 2075 1146 2137 suam
1164 2095 1225 2135 ma·

277 2093 466 2233 egedrlsenm
485 2154 564 2236 quod
589 2170 706 2216 tantum
729 2155 831 2230 abest,
860 2173 893 2216 ut
915 2155 1044 2217 evenerit
1063 2195 1073 2226 ,
1094 2169 1128 2213 ut
1152 2152 1222 2213 Phi-

269 2228 285 2289 li
321 2252 354 2294 us
378 2231 501 2293 Macedo
523 2232 666 2312 praesens,
695 2253 728 2294 ac
748 2253 810 2294 rem
832 2233 842 2293 i
864 2232 889 2293 se
912 2233 992 2294 suam
1022 2250 1148 2307 gerens,
1178 2244 1229 2292 tot

268 2249 350 2372 deles
371 2311 552 2389 subiugaret,
572 2327 605 2372 ut
627 2311 795 2373 Alexandro
815 2254 987 2373 adolescenti
1006 2309 1069 2370 lilio
1085 2308 1224 2389 querendi

268 2391 374 2453 causam
397 2388 507 2463 daret,
537 2390 586 2449 srbi
609 2390 683 2451 nihil
704 2389 795 2452 abeo
815 2390 967 2472 relinqui,
987 2390 1018 2451 in
1060 2409 1111 2450 uos
1132 2387 1225 2464 vires,

269 2484 349 2551 atque
372 2469 511 2531 virtutem
533 2467 611 2530 suam
633 2470 755 2552 experiri
777 2469 893 2552 posset3
941 2471 972 2532 ui
1002 2409 1098 2550 polea
1127 2483 1228 2531 tamen

270 2566 326 2611 cum
352 2548 446 2610 multa
463 2548 553 2624 bella,
577 2550 670 2612 multa
691 2551 781 2613 etiam
802 2550 901 2632 praelia
918 2490 1080 2632 smperator
1099 2547 1225 2611 feliciter

270 2628 438 2703 confecisset,
462 2630 564 2720 Magni
583 2646 811 2712 cognomentum
827 2630 867 2693 est
887 2631 939 2692 ade
961 2647 1021 2693 tus.
1046 2630 1126 2692 Nam
1143 2625 1227 2711 quod

271 2706 299 2769 ad
325 2708 428 2771 veneni
459 2708 645 2790 suspicionem
674 2709 687 2793 [
710 2728 744 2774 ut
763 2712 819 2774 hoc
848 2713 912 2774 loco
933 2651 977 2772 illi
999 2709 1184 2792 respondeam
1208 2705 1224 2791 ]

271 2788 361 2849 nuliis
383 2787 510 2869 partibus
534 2789 555 2850 ii
577 2790 671 2872 plures
692 2790 784 2868 sunt,
811 2792 863 2875 qui
893 2792 977 2855 illurn
1008 2791 1107 2872 suapte
1127 2802 1225 2851 morte

271 2866 371 2943 obiisse,
391 2888 480 2950 quarn
501 2870 554 2950 qui
574 2890 687 2932 veneno
708 2870 836 2934 sublatus
856 2871 907 2947 sit,
928 2871 1071 2933 affirmare
1087 2890 1148 2931 non
1169 2867 1223 2929 du-

272 2942 373 3017 bitant;
396 2965 429 3008 ut
450 2969 509 3009 non
531 2947 635 3024 solum,
655 2950 734 3032 quod
744 2953 806 3013 Rex
823 2951 992 3014 Franciscus
1008 2966 1041 3012 ut
1058 2948 1225 3039 lprperatot

271 3025 473 3090 adexercitum
496 3026 587 3103 esset,
617 3031 647 3089 in
668 3031 761 3092 caussa
781 3028 894 3103 luerit,
923 3046 957 3092 ut
979 3042 1153 3110 caperetur,
1174 3022 1224 3084 sed

272 3103 320 3175 eius
343 3107 404 3170 sola
425 3105 644 3187 imprudentia,
665 3125 752 3188 atque
773 3109 898 3169 hollinm
919 3122 1120 3185 contemptus·
1141 3104 1226 3165 Nam

271 3181 326 3249 fiis
346 3185 458 3260 suisset,
481 3188 533 3267 qui
555 3186 606 3246 csse
626 3186 763 3261 debebat,
783 3186 936 3261 videlicet,
958 3186 1010 3266 qui
1031 3181 1142 3244 hostem
1163 3201 1225 3243 ma·

271 3265 306 3344 gis
325 3265 402 3329 same
419 3311 428 3341 ,
448 3284 537 3347 quarn
560 3265 615 3326 suis
637 3267 725 3327 annis
747 3265 883 3328 obsessum
912 3264 1003 3328 teneri
1023 3261 1226 3344 cognosceret,

271 3360 320 3407 uon
342 3347 386 3410 ita
408 3346 492 3407 illum
514 3345 746 3427 contempsisset,
767 3362 801 3408 ut
842 3366 874 3406 ro
903 3344 997 3407 nihilo
1025 3341 1038 3424 [
1047 3341 1123 3485 guid
1143 3343 1222 3405 enim

267 3439 315 3566 l?
328 3441 422 3507 ¹capto
443 3423 564 3487 dicam?
585 3425 597 3507 ]
618 3426 760 3500 haberet,
788 3365 958 3508 vidissetque
986 3426 1017 3486 in
1059 3444 1159 3486 umma
1179 3424 1223 3486 rei

297 3504 456 3587 speratione
495 3506 627 3567 homines
660 3522 749 3586 prope
775 3504 867 3568 vidlos
898 3505 1039 3570 viliorem
1064 3504 1146 3567 suum
1175 3504 1224 3566 sar·

266 3596 297 3660 pe
326 3586 457 3667 superare
475 3583 585 3661 solere,
614 3601 643 3646 at
666 3607 702 3648 ue
727 3587 769 3647 ita
792 3585 905 3648 cautius
923 3606 981 3648 rem
997 3586 1121 3668 gerendo
1137 3604 1223 3646 nunr-

261 3678 351 3797 puam
370 3666 529 3745 improviso
547 3686 633 3746 oppte
655 3688 686 3728 us
703 3664 813 3735 suisset,
831 3685 922 3749 neque
945 3666 1007 3728 suos
1031 3666 1110 3749 prius
1127 3663 1223 3739 susos,

273 3746 451 3827 ugatosque‚
471 3764 560 3825 quam
575 3761 720 3822 armatoS,
738 3743 874 3809 vidisset.
899 3749 978 3809 Nam
1002 3768 1067 3810 cum
1084 3765 1157 3827 ego,
1178 3744 1224 3830 ln?

260 3826 327 3907 quir
344 3824 430 3967 1ille,
448 3825 567 3963 IRegem
589 3827 726 3893 exercitui
750 3826 802 3889 suo
825 3827 970 3970 Ρέκῆεἰο,
990 3848 1050 3892 non
1067 3828 1152 3894 illum
1176 3817 1235 3886 illa,

377 3925 428 3966 om·
464 3947 471 3964 ο
1112 3925 1182 3989 prm·
