3000 4559
349 472 518 532 DEFENS
523 473 563 531 10
583 469 759 529 CONTRA
780 469 891 548 GASP.
913 470 1100 530 SAREUM.
1144 486 1198 548 193

296 552 396 611 Nonne
411 553 495 633 apud
527 572 575 609 nos
600 567 676 609 extat
692 547 876 622 Comacieusts
892 550 1021 622 nomine,
1050 549 1089 609 (9
1103 549 1237 630 cognomi·

256 652 292 693 ne
313 629 459 692 Gbillinus
485 630 495 690 ἓ
518 631 693 690 ludovicum
724 651 788 687 veto
805 632 908 688 Catum
937 650 990 707 quo
1014 632 1121 688 vacuet¹
1142 652 1235 710 coguo-

256 710 353 773 mine?
377 711 443 791 ipsit·
465 712 616 790 exprimat.
637 710 763 771 AEtatent
784 708 857 767 enim
874 706 970 768 habet.
990 708 1106 768 Punicis
1123 731 1168 787 ego
1184 731 1236 768 ato·

257 789 336 853 ribus
353 791 532 869 parcendum
553 790 647 850 duco.
677 789 733 849 Sed
753 789 852 849 videat
870 788 917 865 ilie
946 788 1043 849 volens
1061 805 1168 847 mutate
1190 811 1237 848 no-

256 892 322 932 men
343 870 433 943 Cati,
463 869 496 928 id
514 868 567 946 est,
581 869 719 948 fhpientis
738 871 768 927 in
789 890 881 930 voum
901 866 1075 946 obsianam,
1102 869 1179 927 anei
1198 868 1234 927 ii·

254 969 313 1015 teet
329 994 336 1008 .
354 953 449 1009 Vereor
481 971 543 1022 ,ne
559 953 674 1023 Catus,
696 949 747 1028 qui
761 970 846 1007 manu
865 952 938 1028 gerit
951 950 997 1026 sti
1014 949 1102 1008 ionem
1121 950 1135 1024 (
1145 951 1235 1029 poda·

254 1052 308 1112 gra
330 1029 404 1088 enim
425 1025 563 1105 laborat)
584 1049 688 1088 novum
709 1029 917 1105 hunccensorem
935 967 1059 1108 proluis,
1081 1028 1237 1109 minisque,

258 1133 293 1172 ne
308 1109 403 1171 dicam
420 1106 606 1182 vindetibus,
638 1108 863 1188 prosequeretur.
893 1112 991 1169 Penus
1004 1127 1096 1169 autem
1112 1105 1233 1169 Bembue

253 1187 423 1251 cardinatis
449 1188 651 1265 eruditiffimus
689 1186 845 1248 Tbadaeum
869 1187 1053 1267 Gbillinum,
1080 1190 1130 1270 qui
1148 1188 1234 1251 Anti-

250 1270 327 1353 Jiitis
346 1285 406 1330 etat
420 1268 533 1347 frater,
556 1291 608 1328 non
631 1264 801 1331 Gbillinium
822 1287 921 1333 votat.

292 1429 414 1493 Omitto
435 1451 512 1492 nunc
534 1449 624 1512 quam
645 1433 816 1513 composite,
841 1450 989 1524 quamque
999 1449 1034 1493 ex
1053 1429 1156 1493 ordine
1164 1447 1227 1490 tem

256 1498 305 1574 hic
327 1509 407 1572 snam
452 1510 642 1592 rosequatur.
674 1512 792 1575 Videtis
814 1533 894 1575 ennn
916 1511 996 1592 ipfi,
1026 1527 1060 1573 ut
1082 1535 1099 1576 a
1120 1509 1228 1571 Coma-

255 1590 341 1653 denfi
361 1589 396 1650 ad
448 1592 542 1651 atium
564 1589 723 1672 composite
745 1593 871 1655 transeat
890 1613 899 1662 ;
927 1591 1032 1653 de'nde
1054 1591 1152 1673 postea
1174 1589 1233 1651 ite-

257 1691 324 1733 rum
353 1670 390 1729 ad
411 1669 582 1731 Ghillinunt
612 1671 786 1752 ineptiffime
815 1674 939 1736 redeat.
1003 1673 1121 1734 icvero
1142 1671 1224 1733 iocus

256 1750 325 1825 est,
353 1749 480 1810 Praefeui
512 1749 605 1825 Viri,
635 1769 723 1831 quem
744 1753 836 1834 paulo
863 1768 933 1814 ante
961 1751 1044 1815 vobis
1075 1751 1228 1833 pollicitus

256 1829 346 1905 sum,
368 1827 416 1889 ubi
439 1830 523 1891 istum
546 1828 660 1891 abunde
682 1831 839 1895 rideretis.
861 1831 1014 1895 Continuo
1037 1832 1128 1914 igitur
1149 1829 1232 1894 vide-

256 1911 320 1985 tis,
342 1928 431 2049 {uam
453 1908 549 1985 belle,
569 1930 660 1992 quam
682 1911 753 1994 saepe
775 1959 784 1989 ‚
806 1933 896 1995 quam
918 1912 1045 1974 modeste
1066 1912 1155 1975 risum
1179 1910 1233 1973 isse

256 2008 291 2051 ex
312 2009 349 2051 au
372 1988 493 2050 itotibns
513 2007 641 2070 quaerat.
666 1991 761 2052 Modo
784 1996 864 2054 enim
886 2013 953 2055 eum
972 2014 990 2053 a
1009 1991 1145 2066 testibus,
1167 2008 1232 2050 nto-

257 2070 295 2132 do
315 2089 334 2129 n
353 2069 443 2129 Catio
472 2087 663 2129 commovere
684 2071 803 2131 studet.
834 2072 888 2132 Sed
909 2092 961 2133 nec
992 2072 1049 2134 hoc
1069 2069 1231 2132 admodum

258 2149 365 2211 mirum
388 2147 447 2209 est.
469 2149 550 2207 Natn
573 2167 641 2208 cum
665 2146 721 2208 suis
743 2150 885 2230 quisque,
906 2168 996 2232 quam
1017 2168 1086 2210 cum
1108 2149 1230 2218 alienis,

258 2228 394 2291 libentius
416 2226 563 2298 versatur3
587 2243 675 2307 atque
695 2225 732 2287 ab
752 2230 793 2288 eis
805 2229 921 2308 potius,
943 2228 963 2288 st
1000 2228 1049 2288 uid
1070 2227 1136 2303 opis
1158 2248 1177 2286 ο
1199 2243 1234 2285 ua

259 2306 312 2385 stt,
334 2306 408 2367 illud
430 2320 526 2385 petere
546 2323 667 2393 „quam
688 2304 725 2365 ab
748 2306 832 2379 aliis,
856 2307 952 2366 solet.
1025 2305 1156 2367 santium
1178 2245 1234 2366 io·

258 2405 392 2459 tntnem,
414 2384 465 2525 qim
487 2384 539 2445 nist
558 2403 592 2442 tn
613 2381 724 2446 furfure
744 2384 776 2446 in
800 2386 878 2447 sacro
901 2383 1031 2465 despuis!
1053 2384 1152 2447 Immo
1170 2405 1233 2445 ma·

257 2487 336 2550 gnus
356 2485 403 2539 es,
446 2463 526 2539 ordi,
547 2464 727 2543 hypocrita.
748 2467 791 2542 At
808 2486 863 2547 ego
886 2484 946 2528 non
967 2508 976 2539 ,
998 2466 1104 2547 utqui
1126 2463 1233 2526 obscoe·

258 2549 354 2607 nitate
376 2545 436 2605 ulia
460 2545 572 2626 magis,
594 2561 754 2626 quantu,
776 2544 899 2608 deledet
920 2566 930 2617 ;
950 2545 995 2606 sed
1014 2559 1048 2607 ut
1063 2561 1093 2607 te
1111 2543 1233 2607 doceam

260 2625 291 2688 in
313 2627 371 2687 hoc
392 2625 505 2685 nullam
526 2624 650 2685 omnino
670 2624 742 2700 effe,
765 2627 884 2701 dicam,
904 2646 922 2686 a
939 2624 1049 2700 Catus,
1069 2645 1135 2687 mea
1150 2669 1160 2700 ‚
1176 2624 1234 2686 hoc

260 2707 317 2782 eii,
341 2705 451 2766 Latina
472 2704 602 2780 tatione,
624 2703 727 2767 Catius
747 2705 844 2769 fieret.
874 2706 942 2767 Ohe
964 2705 1159 2787 turpiffimutn
1181 2706 1234 2767 ho-

261 2787 390 2860 minem,
414 2782 655 2846 obscoeniffimam
676 2806 781 2848 vocem
804 2807 823 2847 a
844 2785 947 2862 Cato,
977 2786 1033 2848 hoc
1053 2789 1093 2851 est
1122 2784 1235 2867 sapien·

263 2878 291 2927 te
312 2909 322 2941 ,
342 2863 465 2924 Catium
485 2863 577 2925 fieri?
607 2865 674 2926 Ohe
695 2886 766 2929 veto
787 2866 818 2928 ἃ
839 2883 871 2928 tu
889 2910 899 2942 ,
919 2866 971 2948 qni
993 2887 1052 2927 non
1074 2865 1168 2927 solunt
1189 2865 1232 2925 sa-

282 2944 394 3018 tentia,
415 2942 461 3003 seo
484 2944 575 3005 etiam
596 2944 732 3005 sanctitas
754 2965 801 3020 es,
821 2947 898 3008 unde
918 2966 948 3006 es
968 2944 1060 3006 fadus
1077 2945 1088 3002 i
1108 2946 1233 3004 Tamet-

260 2960 283 3086 Ξ
304 3025 402 3105 magis
424 3024 546 3084 omnino
567 3044 585 3085 a
608 3024 737 3103 lignario
757 3022 839 3086 subto
860 3023 952 3085 fadus
974 3022 1108 3098 viderit,
1130 3022 1182 3104 qui
1204 3036 1233 3081 te

259 3105 355 3167 etiam
378 3103 454 3163 male
476 3100 614 3163 dolavit.
644 3102 698 3162 Sed
720 3103 871 3165 videamus
893 3102 924 3161 in
946 3101 1001 3162 hac
1022 3120 1122 3176 voce,
1152 3099 1232 3169 cujus

259 3198 292 3246 te
316 3199 470 3264 tantopere
490 3181 622 3261 puduit,
653 3180 703 3243 ubi
723 3183 819 3245 isthaec
839 3181 1013 3244 obscoenitas
1035 3181 1152 3254 lateat,
1181 3179 1234 3260 qni

257 3282 332 3327 cum
356 3261 467 3324 adeam
490 3261 610 3335 venissi,
632 3259 711 3342 quast
735 3262 787 3344 qui
803 3281 929 3344 anguem
951 3260 1077 3351 presseris
1099 3303 1109 3333 ,
1130 3257 1233 3339 pedem

258 3364 334 3408 tum
356 3362 429 3404 voce
452 3339 625 3422 remeunt,
654 3359 749 3423 neque
765 3362 843 3403 nunc
865 3342 901 3404 ad
921 3339 1070 3403 Ciceronis
1091 3339 1234 3400 rationem

258 3440 318 3487 tut
339 3424 373 3483 in
394 3441 481 3497 voce,
507 3422 610 3483 autin
632 3440 685 3481 re.
716 3421 753 3481 Id
775 3423 855 3482 enim
884 3441 919 3482 ex
939 3441 974 3482 eo
993 3418 1098 3481 habent
1116 3434 1232 3502 potes,

259 3502 358 3566 modo
378 3501 541 3581 Epistolam
569 3520 633 3563 earn
654 3519 704 3582 per
732 3517 815 3562 tuam
843 3500 1005 3563 castitatem
1033 3499 1060 3561 le
1080 3518 1151 3574 ete,
1180 3510 1233 3560 aut

264 3584 363 3647 etiam
385 3601 435 3662 pet
455 3581 656 3663 ignorantiam
677 3581 842 3663 intelligere
862 3579 916 3641 tibi
936 3580 1040 3656 liceat,
1060 3518 1109 3641 iod
1129 3579 1160 3640 in
1182 3596 1233 3639 vo·

259 3682 297 3726 te
321 3674 462 3723 tantum.
492 3661 526 3723 Id
549 3678 649 3723 antem
677 3661 734 3723 erit
762 3681 829 3722 cum
858 3660 1027 3736 majorum,
1056 3675 1120 3722 turn
1140 3657 1232 3721 etiam

263 3742 466 3805 recentiorum
498 3760 581 3802 exem
605 3741 660 3816 lo,
688 3740 740 3823 qui
763 3740 799 3803 ab
827 3739 904 3802 hisce
932 3739 1099 3802 nominibus
1127 3737 1236 3801 obscoe·

262 3824 315 3885 nis
338 3822 553 3962 nominalaut·
592 3821 787 3898 amiliarum,
808 3838 871 3968 uultJ
882 3821 1013 3884 locorum
1032 3865 1043 3903 ,
1064 3835 1116 3887 aut
1128 3831 1233 3878 serum

313 3936 319 3947 ι
385 3922 435 3960 om.
473 3945 480 3960 .
885 3952 888 3963 ,
1121 3913 1192 3979 qua-
