3000 4559
325 497 365 558 68
547 493 805 555 BARTHOL.
839 494 1005 552 RICCH

281 574 421 659 regnandi
442 566 600 655 cupiditas,
621 575 672 657 qui
695 573 754 643 ejus
777 565 913 654 Regnum
938 566 1014 633 inter
1034 573 1063 634 se
1086 571 1186 653 postea
1203 571 1245 633 di·

281 653 455 737 spertivere.
475 656 517 715 At
538 654 637 735 praedae
659 649 690 715 de
711 649 829 714 summae
850 653 949 734 gloriae
973 653 1057 732 spes,
1075 672 1151 792 (quas
1173 650 1241 713 duas

280 756 325 797 res
346 735 430 795 miles
453 734 484 794 in
515 733 589 794 bello
620 751 734 795 tantum
764 731 843 815 sequi
864 733 1004 807 videtur,
1032 752 1176 812 nuquam
1200 732 1240 792 illi

280 814 375 884 major
396 813 594 895 proponitur,
621 827 798 896 quamtum
824 815 885 872 Rex
910 811 942 872 in
970 812 1074 887 bello,
1104 827 1193 894 atque
1211 811 1240 873 iu

277 895 340 956 acie
362 889 513 968 versatur,
543 907 575 954 ut
605 895 657 974 qui
684 913 752 954 curn
784 892 838 954 suis
868 891 1048 1030 Principibus
1079 909 1132 952 aut
1163 891 1238 972 capi,

279 988 334 1036 aut
356 972 449 1055 fugati
471 970 573 1054 poffit.
593 976 661 1049 Quo
702 968 825 1047 erfeilo,
849 971 910 1052 post
925 991 965 1031 no
987 968 1117 1031 iliffimos
1135 970 1236 1060 eqrios,

279 1053 407 1134 pretiosa
428 1072 535 1127 arma,
557 1072 590 1113 ac
610 1071 666 1132 prae
681 1070 779 1114 entem
800 1053 932 1130 vellem,
961 1068 1049 1134 atque
1069 1070 1236 1130 pecuinam,

273 1130 484 1212 redemptionis
536 1152 630 1271 uopue
650 1133 772 1213 pecunia
800 1131 883 1192 conse
906 1129 1010 1202 uitur,
1033 1131 1134 1271 <ploria
1156 1151 1234 1204 vero,

275 1231 344 1294 quae
361 1210 499 1272 omnibus
556 1212 564 1271 i
591 1212 658 1273 oriis
680 1211 861 1273 celebretur.
883 1151 980 1286 guare
1001 1209 1031 1271 vi
1054 1209 1164 1271 endum
1184 1205 1233 1284 ell,

277 1294 317 1352 ne
346 1290 400 1352 hac
429 1291 542 1352 tatione
569 1289 678 1352 hostem
709 1292 740 1352 in
770 1311 822 1353 nos
853 1291 1046 1372 potentiorem
1068 1285 1232 1352 reddamus.

200 1432 206 1446 ἱ
277 1366 435 1446 Concedo,
456 1370 576 1452 inquit,
598 1371 649 1451 qui
671 1393 688 1431 a
710 1372 792 1452 Rege
812 1370 877 1444 est,
899 1385 978 1430 meos
995 1391 1055 1430 non
1075 1389 1141 1429 earn
1163 1370 1231 1450 spem

276 1449 383 1511 habere
404 1466 456 1511 aut
477 1465 564 1511 tantae
584 1451 709 1530 praedae,
741 1468 792 1511 aut
825 1467 911 1511 tantae
940 1445 1065 1538 gloriar,
1098 1467 1229 1530 quantam

277 1549 362 1591 meus
386 1529 473 1592 hostis
493 1528 596 1590 habet.
618 1531 670 1590 Sed
694 1530 767 1590 illud
789 1545 890 1590 contra
906 1531 1037 1604 affirmo,
1061 1525 1173 1609 Regios
1187 1549 1229 1609 pro

273 1605 332 1671 suis
354 1606 452 1690 spoliis
476 1606 614 1685 tuendis,
645 1625 737 1692 atque·
755 1610 849 1691 gloria
871 1606 1088 1690 consequenda,
1109 1629 1146 1668 ne
1168 1605 1227 1686 scili
1269 1664 1270 1673 ,

276 1705 325 1751 cet
353 1691 389 1749 ab
419 1685 525 1749 humili
556 1690 681 1750 exercitu
702 1690 811 1770 Regius
835 1689 974 1749 exercitus
1006 1687 1180 1768 superetur,
1200 1707 1225 1749 ac

274 1767 435 1847 spolietur,
456 1767 590 1829 manibus
611 1790 643 1830 ac
666 1769 786 1849 pedibus
808 1769 907 1830 omnia
928 1783 1103 1842 conaturos,
1123 1767 1224 1850 quando

273 1847 390 1926 turpius
419 1847 482 1920 cst,
516 1864 604 1928 atque
624 1868 690 1909 cum
713 1847 816 1917 majori
845 1849 878 1909 lit
906 1847 1054 1921 infamia,
1085 1850 1224 1922 omittere,

272 1925 353 2008 quod
385 1925 466 1988 suum
499 1924 602 1988 habeat
632 1929 805 2008 proprium,
838 1949 926 2010 quam
956 1928 1085 2008 alienum
1114 1948 1172 1988 non
1189 1947 1224 1988 ac·

271 2005 401 2086 quirere.
421 2002 518 2081 Quare
539 2021 571 2066 ut
587 2001 631 2066 illi
652 2027 752 2068 omnes
772 2027 873 2067 nervos
893 2007 1041 2068 intendent
1065 2006 1095 2066 in
1114 2003 1222 2088 Regiam

266 2083 395 2167 prodam
417 2084 665 2168 consequendam,
687 2088 730 2147 ita
750 2104 852 2148 contra
872 2087 956 2166 Regii
974 2131 983 2161 ,
1004 2109 1039 2146 ne
1060 2081 1119 2146 illis
1141 2082 1223 2167 prada

270 2163 344 2239 fint,
366 2183 466 2225 omnes
488 2185 591 2226 nervos
610 2210 618 2240 ,
634 2159 735 2261 larque
758 2168 833 2230 vires
854 2166 1059 2241 adhibebunt,
1089 2187 1122 2228 ac
1144 2167 1224 2228 vitant
1264 2223 1266 2226 .

270 2241 372 2326 potius'
394 2244 500 2326 ipsam,
523 2265 611 2326 quam
636 2266 714 2319 rem,
735 2248 900 2308 omittent.
933 2247 970 2306 In
991 2267 1051 2327 quo
1072 2238 1149 2307 fad'lo
1167 2264 1219 2307 cun

268 2343 369 2385 eorum
392 2345 436 2387 res
458 2324 516 2398 sit,
546 2326 651 2387 horum
672 2347 741 2388 vero
764 2327 848 2407 spes,
876 2343 989 2406 quanto
1019 2327 1080 2386 haec
1102 2323 1223 2406 superiori

268 2401 390 2464 inferior
410 2400 473 2478 est,
496 2419 578 2465 tanto
601 2407 690 2466 etiam
714 2407 745 2467 in
767 2407 865 2486 praelio
888 2399 1078 2487 posteriores,
1100 2401 1184 2486 quil
1212 2446 1221 2479 ,

269 2502 361 2623 poam
383 2482 434 2574 qui
456 2504 517 2545 rem
539 2479 704 2567 poffident,
732 2503 818 2548 erunt
839 2485 953 2547 futuri.
984 2489 1065 2547 Nam
1087 2485 1107 2546 sr
1128 2486 1185 2547 Rex
1199 2484 1224 2544 ir.

296 2579 325 2637 t,
348 2581 400 2643 qur
423 2564 578 2624 militarem
601 2564 747 2645 scientiam
770 2564 830 2646 [ut
849 2582 899 2646 par
920 2564 988 2647 est]
1012 2566 1101 2644 probe
1122 2575 1220 2638 teneat,

270 2660 368 2722 neque
389 2641 447 2710 ejus
469 2657 622 2722 proceres,
644 2657 730 2725 atque
752 2644 863 2726 equites
892 2645 1038 2719 tyrunculi
1056 2646 1125 2720 sint,
1146 2662 1223 2726 atque¹

271 2718 415 2780 inarmis
438 2741 538 2799 parum
563 2724 737 2798 exercitati,
758 2727 867 2806 quique
888 2719 923 2786 ad
946 2726 1074 2806 primum
1097 2723 1168 2786 tubae
1187 2724 1220 2785 so·
1265 2781 1267 2785 .

270 2799 368 2859 nitum
391 2796 491 2878 fugam
513 2801 678 2881 arripiant3
707 2802 752 2864 sed
780 2825 904 2885 quorum
928 2822 1008 2884 terga
1029 2825 1064 2865 ne
1086 2805 1118 2864 in
1137 2803 1220 2885 pugni
1267 2857 1271 2867 .

270 2877 389 2958 quidem
412 2879 498 2940 hollis
521 2874 651 2950 viderit3
683 2879 777 2943 nihilo
800 2885 830 2944 in
851 2906 881 2944 re
910 2883 959 2944 sua
987 2885 1121 2958 tuenda,
1148 2880 1221 2947 atut

273 2957 371 3037 gloria
392 2959 610 3033 conservanda,
660 2980 726 3022 uam
758 2963 849 3024 holles
871 2966 900 3025 in
924 2963 1024 3040 iisdem
1046 2903 1221 3038 invadendis,

270 3035 369 3098 minus
393 3037 547 3100 valebunt.
568 2981 656 3114 Quod
676 3061 743 3102 vero
765 3042 813 3103 ille
830 3045 924 3118 dicat,
946 3043 1057 3104 hostem
1071 3038 1221 3125 prudentio

203 3174 207 3178 .
270 3135 352 3192 rem,
374 3135 461 3200 atque
481 3117 629 3180 fortiorem
651 3139 685 3180 er
707 3121 793 3183 hossis
817 3125 904 3203 Regis
924 3124 1075 3204 praesenria
1099 3121 1174 3186 reddi
1189 3119 1222 3196 so

275 3195 359 3269 lere,
388 3213 420 3258 ut
440 3199 491 3281 qui
515 3199 542 3260 se
564 3200 661 3261 videat
683 3200 816 3263 adversus
845 3201 985 3284 Regem,
1014 3204 1097 3271 cujus
1119 3204 1221 3264 vincere

271 3277 402 3339 maxime
425 3278 559 3353 intersit,
587 3278 640 3341 elle
661 3299 885 3361 pugnaturum,
914 3303 1003 3365 quare
1033 3284 1124 3344 etiam
1147 3279 1221 3344 itale
1269 3358 1270 3361 Ἴ

272 3373 449 3446 ¹comparat,
473 3373 504 3419 ut
535 3379 593 3419 non
616 3359 707 3420 solum
731 3381 797 3422 cum
819 3363 870 3423 illo
893 3383 1021 3444 pugnare
1042 3365 1166 3440 audeat,
1185 3359 1223 3423 sed

270 3433 358 3501 illum
388 3438 477 3497 etiarn
505 3459 604 3518 capere
632 3439 784 3510 confidat3
816 3440 870 3502 hoc
898 3443 1016 3524 quidem
1043 3445 1082 3503 'ut
1113 3444 1156 3505 ita
1182 3442 1223 3517 lit,

270 3514 373 3603 multis
395 3532 492 3576 tamen
514 3517 535 3576 ii
557 3512 651 3597 piures
673 3519 737 3581 lunt
759 3522 1038 3603 partibus,qu1bus
1060 3544 1098 3583 ne
1121 3518 1226 3606 inqui-1

271 3592 391 3670 demin
413 3612 538 3656 mentem
562 3599 642 3660 venit
663 3599 789 3678 cogitare
807 3620 814 3669 ;
842 3614 917 3662 certe
939 3603 1141 3678 meticulosis,
1170 3600 1227 3684 qui·'

271 3671 325 3764 hus
346 3673 484 3762 exercitus
507 3675 584 3754 pleni
605 3677 692 3753 sunt,
723 3676 777 3737 hac
802 3680 910 3742 ratione
933 3682 1005 3742 nihil
1028 3681 1160 3761 proluit,
1179 3679 1220 3771 qui
1264 3702 1271 3713 ·

267 3771 302 3827 an
330 3751 391 3843 tali·
410 3752 475 3813 casu
497 3754 569 3814 nihil
593 3757 671 3819 aliud
694 3777 729 3818 co
751 3757 850 3834 itant,
878 3761 931 3821 nisi
953 3779 984 3823 ut
1006 3762 1131 3824 salutem
1153 3759 1221 3842 pedi·
1264 3755 1271 3766 ’

267 3829 321 3895 bus
343 3829 394 3894 libr
412 3850 595 3918 comparent.
617 3836 672 3900 Sed
691 3779 806 3900 nohum
829 3854 965 3904 terrorem
987 3840 1062 3904 holli
1085 3841 1222 3914 injecerit,

1140 3941 1191 4011 qul
