3000 4559
416 551 454 618 V.
475 551 586 615 Oratio.
601 549 636 612 ad
654 548 837 624 Alphonsurn
859 548 994 610 Ferrariae
1011 548 1197 635 Principem,
1223 537 1226 543 ’
1277 530 1293 591 'r
1321 628 1324 632 ⁴

587 630 713 716 quodie
742 630 876 712 Princeps
898 647 1026 694 creatur.
1139 648 1141 653 ·
1288 647 1324 669 ι’

403 788 441 852 Er
462 813 553 853 omnes
567 789 650 867 suam
667 789 877 871 perpetuitatem
896 787 944 849 boc
959 812 1013 849 uno
1034 809 1102 852 certo
1117 791 1212 851 ordine
1224 811 1294 851 com

329 805 392 936 R
412 871 526 946 servare
547 871 688 946 ostendit,
708 887 739 928 ut
762 871 919 945 vetusliores
937 893 955 927 a
975 869 1131 950 junioribus
1151 887 1293 950 excepte,

328 977 362 1015 ac
382 951 465 1032 quast
480 969 616 1013 renovate
645 950 791 1028 incoeptum
817 951 924 1025 cursum
940 949 1026 1026 strum
1056 952 1085 1009 in
1107 969 1207 1010 natura
1229 947 1294 1008 reti·

329 1051 412 1096 neam
428 1077 437 1108 ,
455 1029 670 1110 patentibusque
689 1027 885 1091 liberi-autin
900 1030 1017 1106 familia
1049 1029 1226 1104 ubernanda,
1242 1042 1294 1087 aut

329 1113 359 1173 in
375 1111 489 1192 populis
510 1112 632 1192 regendis
650 1132 684 1169 ex
705 1109 799 1170 ordine
813 1109 962 1185 succedant
983 1154 991 1182 ,
1006 1051 1090 1182 sciuri
1110 1109 1226 1170 Herculi
1241 1125 1296 1188 pa·

330 1193 401 1257 renti
420 1193 518 1273 optimo
539 1192 569 1250 in
585 1189 703 1270 presens
723 1187 881 1271 Alpbonsus
903 1186 996 1248 Filius
1016 1192 1086 1250 Dux
1099 1190 1241 1268 succedit.
1270 1185 1298 1247 Ι·

332 1291 418 1352 taque
434 1270 568 1353 populum
589 1269 750 1346 universum
764 1286 905 1350 propterea
923 1268 955 1329 in
967 1271 1118 1351 Templum
1135 1271 1229 1350 majus
1245 1270 1296 1330 Ην·

330 1349 375 1413 bis
406 1349 557 1429 convenr'ffe
581 1345 719 1431 siguificat
738 1350 779 1410 ad
795 1350 904 1428 gratias
923 1353 983 1410 Deo
1003 1351 1148 1430 agendas,
1171 1348 1299 1426 votisque

331 1429 456 1493 omnibus
475 1452 537 1492 eum
557 1429 781 1509 deprecandum,
801 1447 834 1489 ut
855 1429 1032 1508 Printipmus
1052 1431 1163 1490 initium
1183 1448 1296 1497 ratum,

262 1579 266 1583 .
326 1511 452 1592 seusium
467 1553 476 1584 ,
492 1511 719 1589 sortunatumque
738 1507 866 1569 omnibus
886 1509 1115 1584 evenire'velit,
1144 1511 1174 1568 in
1197 1505 1299 1586 longis

326 1588 428 1668 fimum
448 1605 554 1669 tempus
568 1589 689 1666 feliciter
705 1605 855 1669 proroget,
884 1587 923 1649 (J
944 1586 1069 1664 bellum,
1088 1589 1300 1668 pestilentiam,

253 1693 256 1698 ·
331 1670 472 1748 aliamque
499 1666 654 1749 quamlibet
675 1670 860 1732 calamitatem
879 1669 974 1746 procul
1003 1669 1149 1730 emundet.
1177 1668 1274 1729 Addit
1287 1684 1301 1742 ,¹

333 1751 457 1812 eumdem
482 1747 620 1828 populum
649 1749 803 1828 Principem
823 1770 920 1821 orare,
950 1765 983 1808 ut
1004 1749 1051 1826 jur
1079 1770 1154 1828 eque
1173 1743 1301 1808 omnibns·

333 1830 473 1903 dicatur,
494 1829 585 1903 situm.
598 1829 697 1906 cuique
715 1827 877 1902 tribuatur,
906 1827 1021 1906 litesque
1040 1830 1112 1889 intra
1133 1827 1221 1905 strum
1243 1836 1301 1888 ctr-

332 1926 393 1970 tum
413 1924 519 1986 tempus
539 1910 742 1982 terminentur,
764 1931 848 1988 neque
861 1905 955 1984 solum
975 1906 1059 1969 Urbes
1074 1951 1084 1982 ,
1099 1907 1154 1986 secl
1177 1927 1242 1990 aget
1259 1922 1298 1964 et·

331 1987 387 2050 iam
415 1989 536 2066 quedam
556 1983 694 2051 bominum
717 2010 813 2068 genere
840 1988 958 2049 humano
971 1987 1110 2069 sanguine
1132 1986 1206 2062 ficas
1227 1987 1302 2066 sorae

328 2066 504 2151 pascentium
551 2083 729 2148 erpurgetur,
758 2071 798 2131 Le
815 2070 917 2130 ationer
937 2067 990 2130 cito
1009 2069 1215 2147 expediantur,
1230 2063 1302 2144 sub⁴

334 2145 462 2226 soliorum
482 2083 673 2225 pullulationes
692 2146 739 2206 ab·
751 2091 816 2228 ipsi
829 2149 973 2230 legantur,
988 2148 1100 2231 esusque
1116 2149 1222 2227 judicio
1231 2143 1304 2224 sub·

327 2223 414 2304 scribi
433 2223 606 2304 jubeantur,
626 2225 762 2301 ubertas,
783 2249 923 2307 rerumque
943 2229 1062 2289 omnium
1081 2229 1185 2307 copia,
1216 2244 1301 2305 atque

335 2303 434 2370 viliter
454 2324 583 2380 curetur,
605 2322 637 2364 ut
656 2305 695 2366 ab
716 2308 817 2367 alionis
835 2307 902 2368 bene
921 2309 1037 2383 audiat,
1060 2328 1079 2366 a
1093 2309 1157 2386 suis
1177 2318 1244 2367 vero
1260 2327 1307 2364 ar«

334 2385 428 2447 deuter
447 2401 567 2446 animur.
585 2387 649 2448 Hac
669 2387 743 2465 qued
759 2389 858 2447 attinet
873 2387 913 2447 ad
932 2388 1049 2446 aliorum
1060 2405 1177 2468 preces,
1187 2385 1226 2446 (9
1238 2393 1307 2464 grae'

334 2464 436 2525 ciarum
450 2460 580 2530 allicuem
588 2483 600 2534 ;
616 2467 690 2543 quod
706 2488 770 2525 vero
784 2468 824 2526 ad
838 2463 1064 2529 Bmtbolomaeum
1080 2467 1223 2539 Riccium,
1242 2469 1308 2524 Dee·

334 2544 440 2624 gratias
455 2543 531 2620 agit,
548 2544 631 2603 etiam
647 2545 734 2605 multo
751 2547 869 2622 majores
888 2545 985 2619 babet,
1002 2546 1077 2628 quod
1091 2546 1125 2625 se
1145 2545 1256 2605 tamdiu
1273 2545 1305 2605 itt

336 2623 400 2684 vita
428 2623 627 2696 refhrvarit,ut
646 2645 707 2682 eum
728 2625 900 2704 Principem,
916 2644 997 2704 quem
1018 2647 1036 2685 n
1052 2643 1136 2705 puero
1156 2626 1285 2685 eduxerat
1293 2665 1310 2697 ,.

336 2699 375 2762 (θ’
391 2701 421 2759 in
438 2701 652 2779 optimissudiis
664 2716 777 2784 paterne
793 2706 960 2781 inslrtuerat,
977 2706 1017 2764 ad
1037 2727 1099 2767 eum
1114 2700 1306 2784 Principatum

335 2778 461 2842 evectum
477 2781 603 2856 videret,
619 2791 702 2862 quem
723 2803 826 2844 nature
841 2783 970 2858 desiderio
991 2784 1079 2866 magis
1099 2790 1317 2866 cupere,quam'.

335 2880 466 2926 annorum
483 2861 596 2935 sororum
616 2863 718 2924 ratione
732 2864 841 2942 sperare
857 2881 979 2945 poterat,
994 2883 1141 2944 rogatque,
1157 2879 1190 2922 ut
1209 2863 1304 2921 omnia

336 2935 391 3016 ips
404 2940 525 3018 feliciter
539 2941 700 3018 secundet,
720 2949 759 3005 Θ·
777 2987 787 3018 ,
801 2941 832 3017 st
847 2946 919 3022 quid
939 2947 981 3005 ad
1000 2947 1061 3023 ejas
1076 2944 1244 3025 felicitatem
1259 2961 1311 3006 cu·

299 3081 301 3086 Α
338 3019 503 3081 mulaudattt
523 3019 709 3100 deficientur,
728 3021 878 3084 liberaliter
897 3023 1053 3106 adjungat.

377 3156 432 3242 VI.
455 3176 588 3255 Oratio,
609 3179 639 3243 in
662 3200 722 3263 qua
736 3181 900 3263 disputatur
917 3227 926 3258 ,
945 3199 1047 3246 utrum
1071 3181 1202 3255 melius,
1224 3200 1264 3246 an

439 3255 505 3323 Rex
523 3258 622 3324 absens
637 3267 688 3346 per
704 3260 795 3324 olium
812 3306 822 3337 ,
842 3284 880 3326 on
898 3264 992 3344 magis
1009 3261 1069 3344 ipse
1085 3261 1205 3345 presens

663 3375 664 3378 ¹
707 3340 817 3406 bellurn
839 3362 938 3426 gerat·
1139 3360 1141 3364 ·

342 3493 520 3631 PRepeuit
535 3494 700 3576 problema,
720 3519 812 3562 utrum
832 3501 934 3562 utilius
965 3518 988 3561 rt
1009 3496 1039 3561 in
1060 3497 1156 3574 bello,
1173 3498 1203 3573 fi
1220 3499 1309 3590 Prin*

341 3581 687 3736 oai‘pfll‘iffiiis
703 3603 821 3720 llll
843 3581 938 3718 ‘iiii
958 3575 1314 3720 'biiiagii‘ii’eili

337 3697 517 3808 adolescintes
535 3752 682 3814 utrumque
693 3702 756 3818 ¹'pro
770 3738 828 3814 sua
840 3682 923 3818 {arte
942 3705 1018 3817 sertis
1037 3724 1139 3817 copiose
1154 3683 1190 3795 iti
1199 3753 1306 3814 putan-

338 3823 403 3886 teo,
425 3813 567 3891 alterum,
588 3817 638 3898 qui
652 3831 703 3898 per
724 3816 794 3879 alios
813 3815 918 3879 bollum
937 3818 1085 3903 gerendum
1105 3816 1226 3903 censet,
1249 3817 1304 3878 Re·

412 3914 416 3920 ,
749 3944 761 3971 ι
1182 3915 1262 3981 gem,
