3000 4559
390 477 462 536 ¹154
639 456 889 519 BARTHOL
915 457 1085 516 Rlcell

350 538 556 619 Augurinus,
577 534 713 610 Priscus,
732 534 764 596 ἃ
785 536 880 599 multa
899 537 980 610 alia,
1002 556 1066 617 qua
1087 554 1139 597 nos
1160 533 1195 595 iu
1209 533 1309 597 librum

357 641 450 685 unum
470 617 507 679 ad
526 615 688 677 Camillum
709 613 805 676 lilium
827 616 865 677 ad
884 617 915 677 in
937 634 1033 677 entem
1053 635 1209 679 numerum
1227 615 1309 676 colle-

356 703 468 781 gimus.
499 696 565 758 Hoc
587 709 703 757 tantum
731 695 851 770 dicam,
877 637 969 758 videri
986 695 1131 767 interdum
1151 714 1310 773 cognomen

357 781 421 843 fieri
448 798 484 839 ex
505 773 671 837 nominibus
695 774 823 849 alienis,
854 791 886 836 ut
903 777 933 837 in
959 777 994 837 1.
1011 777 1113 840 Porcio
1128 774 1273 846 Licinio,
1288 775 1312 834 i·

356 877 418 923 tern
439 859 470 919 in
499 857 544 916 M.
565 853 658 917 Fabio
679 853 820 928 Licinio,
848 854 879 916 in
900 875 1023 937 quorum
1057 870 1182 936 utroque
1204 854 1313 915 Licinio

352 957 519 1020 cognomen
542 935 582 999 est
598 980 608 1010 ,
626 934 705 1016 quod
730 933 802 995 alias
817 955 925 997 nomen
949 935 989 997 est
1008 936 1126 999 Licinia
1153 933 1304 1005 Familia,

355 1040 392 1081 ex
430 1039 468 1078 ua
491 1017 524 1076 1.
541 1014 671 1077 Licinius
697 1013 836 1090 Crallus,
857 1014 889 1076 &
909 1015 944 1075 C
961 1015 1090 1083 Licinius
1117 1012 1220 1075 Stolo.
1241 1011 1310 1075 ltem

353 1039 430 1187 apud
447 1093 622 1157 Asconium.
643 1096 685 1175 Q
700 1095 823 1153 Pacuvii
832 1097 935 1172 fratres
949 1095 1102 1173 cognomine
1122 1090 1262 1162 claudii,
1278 1113 1308 1153 u·

353 1177 383 1237 br
398 1175 516 1236 Claudii
546 1195 581 1235 co
603 1193 711 1235 nomen
727 1172 766 1233 est
786 1174 918 1236 Pacuviae
942 1172 1087 1248 familia,
1108 1172 1182 1235 alias
1198 1170 1309 1233 familia

353 1275 463 1319 nomen
487 1195 681 1319 nobilillrmae.
703 1251 800 1322 Hujus
825 1270 922 1315 autem
942 1272 1046 1317 natura
1069 1253 1135 1327 est,
1157 1267 1191 1313 ut
1208 1272 1306 1321 nomen

354 1336 516 1417 sequatur,
538 1351 572 1397 ut
597 1333 628 1395 in
655 1332 699 1399 M.
715 1331 820 1394 Tullio
834 1334 998 1407 Cicerone,
1019 1335 1049 1396 dc
1072 1332 1108 1394 C.
1124 1331 1207 1404 lulio
1226 1330 1308 1393 Caesa·

353 1435 409 1489 re,
431 1415 462 1477 u
477 1415 577 1477 eadem
593 1413 708 1487 ratione
729 1412 761 1475 in
777 1415 901 1475 cerens.
921 1414 958 1475 In
975 1412 1148 1496 quibusdam
1165 1426 1264 1481 tamen
1283 1431 1306 1473 u·

352 1495 401 1556 sus
421 1493 574 1561 obtinuille
596 1491 736 1566 videtur,
758 1510 791 1555 ut
810 1514 973 1573 cognomen
994 1495 1085 1556 etiam
1106 1491 1224 1555 nomini
1250 1510 1306 1572 pre·

352 1590 481 1655 ponatur
497 1619 507 1650 ,
526 1590 559 1637 ut
581 1573 612 1633 in
632 1571 725 1634 Paulo
748 1572 882 1647 AEmilio,
900 1576 931 1634 in
952 1574 1055 1654 Crispo
1074 1571 1230 1645 Sallustio,
1244 1589 1304 1650 quo

351 1673 418 1723 rum
439 1669 538 1721 tamen
568 1651 716 1734 utriusque
736 1654 815 1712 recia
835 1652 973 1714 scribendi
993 1653 1053 1715 hac
1073 1650 1131 1713 fuit
1153 1650 1253 1723 ratio,
1277 1651 1302 1710 Ι,

350 1733 486 1797 lEmilius
516 1732 648 1805 Paulus,
678 1731 712 1790 C.
732 1730 880 1794 Sallustius
901 1733 1036 1813 Crispus.
1058 1729 1301 1807 Quemadmodum

352 1829 453 1873 autem
481 1831 648 1893 prenomen
672 1831 762 1871 unum
786 1811 889 1874 multis
909 1812 1043 1873 Familiis
1067 1831 1150 1892 aque
1172 1829 1299 1890 prepone-

351 1889 467 1964 batur,
497 1889 533 1951 stc
560 1888 705 1957 interdum
735 1910 900 1970 cognomen
931 1893 1032 1963 multis
1058 1910 1154 1952 unum
1182 1888 1299 1971 gentibus

349 1969 555 2044 deserviebat,
583 1984 616 2029 ut
647 1967 812 2043 Barbatus,
841 1971 920 2052 quod
951 1990 1012 2033 ram
1038 1970 1199 2046 Quintia,
1225 1987 1297 2060 quau

348 2049 440 2111 etiam
465 2047 597 2121 Horatiae
618 2068 783 2127 cognomen
810 2047 866 2112 fuit
887 2053 1037 2113 Familia.
1066 2050 1147 2113 Item
1168 2047 1295 2139 Capitoli-

349 2149 431 2204 nuS,
451 2149 512 2211 quo
533 2148 592 2190 uno
612 2126 643 2188 ἃ
663 2128 817 2203 Quintia,
837 2131 868 2192 δι
890 2132 1040 2211 Tarpeia,
1070 2130 1101 2191 dt
1123 2129 1241 2191 Manlia
1258 2125 1295 2188 ula

347 2209 388 2270 est
416 2209 607 2290 cognomine.
636 2209 717 2283 Quin
740 2207 812 2269 duos
840 2210 930 2273 etiam
952 2230 1107 2290 germanos
1137 2207 1238 2272 fratres
1261 2227 1295 2267 eo
1341 2228 1342 2239 ¹

349 2289 416 2350 dem
437 2288 612 2371 cognomine
633 2287 667 2346 de
688 2287 780 2349 altero
802 2304 917 2351 tantum
938 2290 1046 2363 ditio,
1069 2290 1240 2351 nominatos
1257 2285 1294 2347 elle

346 2370 507 2450 comperio.
528 2367 553 2429 Ii
575 2367 640 2429 sunt
664 2369 707 2427 M.
728 2367 847 2431 Tullius
867 2369 994 2445 Cicero,
1014 2370 1045 2442 δι
1064 2372 1104 2444 Q.
1127 2369 1244 2433 Tullius
1256 2364 1292 2426 ci-

344 2468 427 2508 cero.
458 2447 556 2510 Immo
578 2467 648 2507 vero
676 2447 781 2509 Cicero
803 2448 833 2509 δι
853 2450 959 2523 suum,
987 2451 1018 2513 ὃ(
1039 2453 1076 2524 Q.
1098 2447 1196 2517 fratris
1216 2447 1292 2519 filiun

346 2528 500 2587 Cicerones
528 2526 671 2607 appellat.
699 2527 779 2587 Cum
800 2548 870 2589 vero
901 2550 959 2591 uuo
980 2529 1158 2609 cognomine
1181 2527 1290 2608 plerique

344 2607 475 2667 contenti
496 2606 607 2678 client,
627 2626 688 2666 non
710 2604 823 2667 defuere
844 2626 960 2683 tamen,
975 2613 1029 2690 qui
1050 2607 1182 2688 pluribus
1203 2625 1290 2686 cogno·

343 2684 471 2745 minibus
498 2684 643 2743 honestari
670 2684 855 2758 voluerunt,
885 2706 917 2750 ut
951 2690 992 2749 M.
1014 2688 1148 2752 lfimilius
1179 2685 1287 2767 Lepidus

342 2763 489 2850 Porcioa3
509 2763 540 2822 δι
564 2763 594 2822 P.
617 2763 772 2824 Cornelius
793 2767 935 2829 Lentulus
954 2768 1122 2848 Cethegus3
1145 2767 1177 2837 δι
1199 2763 1290 2841 Q.Cae·

341 2841 425 2900 cilius
447 2839 584 2902 Metellus
612 2841 728 2912 Celer;
758 2844 790 2903 u·
810 2845 845 2905 C.
866 2847 1038 2911 Posthumus
1067 2847 1197 2918 Ebutius
1217 2843 1292 2907 Helia

342 2920 504 2981 Cornicen.
533 2921 612 2983 Nam
633 2921 712 3011 quod
741 2923 787 2985 isti
808 2946 826 2987 a
848 2948 955 2988 nomen
985 2943 1120 3002 vocant,
1151 2926 1229 2990 idem
1248 2923 1290 2984 elle

342 3020 409 3067 curn
430 3002 605 3082 cognomine
619 3001 771 3076 Ciceronis
795 2947 959 3069 tefiirnonio
975 3007 1060 3069 facile
1079 3007 1292 3086 comprobatum

341 3081 394 3163 qui
417 3079 471 3143 hoc
490 3080 584 3163 ipsum
606 3081 695 3144 modo
715 3103 905 3163 cognomen,
935 3087 1022 3148 ruodo
1044 3104 1294 3167 cognomentum,

342 3179 503 3249 numquam
524 3177 623 3223 autem
641 3182 785 3242 agnomen
801 3167 944 3246 appellat.
967 3169 1074 3231 Utrum
1089 3185 1192 3238 autem
1206 3164 1293 3229 omnio

339 3259 517 3327 cognomina
544 3242 682 3323 nequead
707 3242 833 3322 posteros
855 3248 1063 3323 pervenirent,
1091 3248 1123 3308 in
1150 3246 1250 3308 multis
1268 3263 1292 3302 e
1339 3266 1341 3275 ·

341 3318 459 3406 quidem
481 3319 605 3382 arbitror
625 3319 733 3381 facium
755 3323 824 3383 elle.
848 3327 928 3391 Nam
946 3327 1080 3388 Marcelli
1102 3326 1195 3407 usque
1210 3325 1244 3387 od
1257 3322 1294 3384 ul·

342 3411 448 3455 timum
480 3398 602 3478 Reipub.
635 3417 748 3480 tempus
777 3402 917 3467 fuerunt.
946 3407 981 3466 In
1009 3405 1185 3488 quibusdam
1214 3403 1293 3471 etiem

339 3473 569 3563 contrafactum
590 3479 721 3540 ellenon
744 3485 890 3562 negarim.
913 3487 992 3549 Nam
1016 3485 1066 3546 etli
1083 3486 1115 3545 in
1136 3487 1184 3548 M.
1200 3483 1294 3545 Tullio
1341 3474 1342 3541 l

340 3553 479 3613 Cicerone
502 3570 562 3615 tam
584 3557 671 3633 filio,
691 3580 781 3640 quam
803 3565 876 3641 patri
898 3565 1000 3627 datum
1021 3565 1055 3635 lit
1074 3565 1182 3628 Cicero
1197 3583 1295 3646 cogno·

421 3675 432 3707 ,
462 3635 586 3695 nonita
614 3654 711 3699 tamen
733 3641 764 3700 in
786 3641 916 3704 Africani
939 3644 1016 3707 lilio·
1048 3647 1120 3707 Non
1151 3648 1232 3708 enim
1252 3646 1293 3705 hic

279 3796 282 3801 Ι
458 3712 552 3800 tuest
572 3714 691 3792 diuus,
716 3720 761 3780 sed
782 3738 898 3783 tanturn
920 3723 1049 3785 Africani
1071 3724 1169 3787 filius.
1194 3729 1294 3787 Verum

255 3756 300 3883 f
410 3708 551 4076 *cltum
573 3794 730 3860 familiam
752 3820 803 3882 per
823 3803 1009 3893 adoptionem
1031 3806 1237 3948 venillentdrd,
1252 3807 1296 3888 qui

220 3908 252 4048 s
1195 3908 1213 3948 a
1232 3909 1263 3951 0-
