3000 4559
256 582 260 589 ,
490 510 920 577 'ouationem
1105 522 1144 603 η

222 594 253 656 in
266 592 389 657 veslram
406 590 556 674 pristinam
573 592 739 656 libertatem
756 595 898 667 reslituit3
914 596 966 678 qui
975 596 1039 661 deni
1061 603 1182 667 ueDeo-

223 694 291 736 rum
300 673 514 735 immortalium
531 674 717 735 caeremonias
726 675 923 756 construpatas
933 676 994 746 eius
1005 618 1099 759 ipsus,
1127 684 1180 775 qui

222 753 444 844 constuprarat,
464 752 620 836 sanguine,
642 773 702 834 quo
719 754 888 817 etiamdum
910 755 1037 819 tinPtum
1058 759 1182 838 videtis,

218 832 375 914 expiavit.
403 832 432 894 si
450 832 535 908 haee,
557 834 697 914 inquam,
717 832 857 910 Judices,
878 835 958 898 Milo
978 836 1124 918 postremo
1143 844 1181 904 ad

219 912 366 994 Populum
388 929 506 994 ageret,
526 914 578 995 qui
588 933 648 974 non
658 913 799 976 continuo
815 914 964 978 universus
987 918 1191 983 acelamarerl.

219 992 321 1054 Maste
341 993 449 1056 virtute
469 992 646 1067 Vir,vive,
667 993 755 1070 vive,
776 1010 865 1077 atque
881 997 925 1059 ita
944 995 1040 1076 vive,
1060 1014 1095 1061 ut
1114 1020 1183 1064 eam

220 1073 326 1155 Remp.
345 1092 434 1156 quam
455 1072 539 1134 nobis
562 1072 694 1152 privatus
712 1073 904 1151 conservasti,
931 1076 963 1139 in
982 1077 1100 1142 summo
1115 1080 1185 1143 Ma·

219 1153 342 1296 elstram
362 1152 592 1235 postus-regas,
614 1169 701 1234 atque
720 1154 927 1219 administres:
946 1177 1072 1243 eumque
1088 1162 1189 1223 omni·¹

241 1255 274 1296 us
296 1233 469 1306 Centuriis,
498 1230 547 1291 vel
565 1250 623 1293 una
639 1233 773 1295 omnium
791 1253 863 1298 voce
882 1235 1065 1315 Consulem,
1094 1258 1125 1303 at
1148 1260 1185 1302 ue

182 1366 192 1385 Α
217 1314 310 1378 etiam
333 1313 428 1376 solum
451 1298 610 1373 Cdiisuleni
627 1312 762 1401 erearetl
793 1313 921 1389 Quodsi
939 1316 1066 1397 Populus
1090 1260 1183 1382 sagu-

215 1413 268 1457 rus
289 1393 373 1468 esset,
390 1391 464 1475 quid
478 1410 550 1465 vos,
568 1390 770 1467 ludices,non
791 1411 859 1455 euin
881 1412 934 1454 voe
954 1414 1032 1459 nune
1052 1396 1186 1460 liberabi·

216 1475 280 1549 tis,
300 1490 388 1554 quem
409 1471 491 1532 suum
513 1470 583 1551 Pop.
601 1472 689 1532 Rom.
712 1471 898 1534 liberatorem
918 1475 1102 1555 agnoscerer?
1124 1496 1185 1540 non

216 1573 291 1616 euni
310 1571 364 1615 vos
386 1549 565 1626 absolveris,
586 1570 676 1633 quein
698 1552 769 1635 Pop.
790 1554 879 1614 Rom.
902 1573 963 1616 non
982 1552 1076 1617 solum
1092 1554 1186 1617 absol·

162 1698 164 1705 ,
216 1648 319 1713 verer,
341 1629 388 1693 sed
408 1628 536 1692 etiamin
558 1630 672 1692 summo
694 1631 872 1715 Magistratu
892 1632 986 1696 solum
1007 1632 1187 1698 collocaret?

215 1713 366 1797 Equidem
389 1730 450 1771 non
471 1707 590 1786 dubito,
611 1712 685 1793 quin
705 1733 760 1774 uos
802 1730 897 1796 uoque
916 1734 984 1777 cuni
1006 1716 1048 1778 1²0
1094 1718 1186 1779 Rom.

217 1795 256 1857 de
278 1792 409 1866 Milone,
432 1790 488 1858 hoc
503 1789 568 1869 est,
586 1791 621 1853 de
638 1791 752 1862 huiusce
774 1733 860 1874 fleip.
881 1789 1036 1858 sortillimo
1049 1736 1187 1860 iiberam-

219 1894 286 1937 reo
308 1872 404 1947 time,
439 1886 528 1950 atque
547 1891 614 1932 cuin
634 1872 695 1944 ejus
716 1872 832 1934 summa
853 1871 998 1956 dignitate
1020 1874 1187 1947 iudicetise

217 1894 375 2040 prasgmim
403 1969 470 2041 cum
492 1952 524 2012 in
552 1951 608 2013 lioc
635 1950 811 2015 absolvendo
831 1954 934 2036 Remp.
966 1954 1058 2037 ipsam
1087 1976 1118 2017 m
1158 1953 1185 2017 is

217 2033 393 2106 absolvatis,
414 2048 495 2099 cuius
516 2031 609 2092 caussa
628 2033 754 2108 euenit,
776 2048 810 2093 ut
827 2032 906 2096 Milo
922 2050 1058 2096 nontam
1075 2034 1118 2097 sui
1155 2054 1185 2097 e—

162 2120 164 2129 '
217 2112 372 2186 sendendi,
393 2128 483 2191 quani
500 2110 585 2251 Reiq.
605 2109 804 2173 conservanda
823 2113 974 2188 caussa‚P.
982 2114 1123 2177 Clodium
1138 2134 1187 2176 oc-

218 2194 346 2260 ciderit.
371 2190 444 2250 Haec
460 2190 540 2252 enini
580 2210 636 2252 unc
655 2191 821 2253 intantum
841 2192 943 2254 odium
971 2191 1079 2254 Clodio
1103 2192 1187 2253 indu-

217 2291 328 2347 xerat,
356 2284 389 2331 ut
405 2284 456 2330 aut
478 2271 506 2330 ei
558 2269 699 2331 reundum
714 2271 781 2330 esset
799 2312 808 2344 ,
830 2287 906 2345 aut,
936 2270 1015 2350 quod
1032 2271 1063 2330 in
1079 2269 1188 2331 Clodio

162 2410 164 2417 .
215 2354 306 2425 secit,
327 2345 493 2411 faciendum
512 2288 614 2409 sissent.
634 2346 724 2423 Milo,
732 2345 857 2423 ludices,
866 2347 894 2408 se
914 2347 1033 2430 quidem
1049 2347 1190 2415 Clodium

162 2436 165 2505 ζ
219 2427 394 2499 interfecisse
414 2424 541 2497 fatetur3
564 2427 650 2492 illum
672 2446 745 2489 vero
765 2426 923 2516 gladium,
943 2447 1003 2511 quo
1023 2428 1109 2490 illum
1126 2447 1189 2510 per·

162 2578 167 2589 ,
219 2510 332 2585 cussit,
360 2528 395 2570 eit
417 2508 502 2589 Reip.
523 2509 658 2572 manibus
680 2508 841 2588 accepisse,
870 2523 957 2589 atque
980 2528 1040 2570 non
1071 2524 1132 2570 tam
1155 2507 1188 2570 in

162 2654 173 2673 ⁵
220 2597 322 2662 suam,
342 2608 431 2671 quam
450 2590 481 2650 in
498 2586 558 2659 ejus
575 2587 767 2653 defensionem
790 2587 935 2651 illousum
956 2589 1024 2664 εἰῶ,
1046 2608 1100 2651 vos
1137 2608 1188 2650 uo·

222 2694 281 2761 que
302 2666 385 2732 fateri
402 2688 462 2730 non
479 2669 609 2733 dubitat.
631 2669 674 2731 Ut
691 2671 766 2731 Rem
788 2715 795 2729 .
816 2669 938 2731 caussam
960 2686 1115 2759 utramque
1164 2667 1189 2729 i·

162 2750 173 2821 ‚⁸
222 2754 286 2819 loni
307 2749 455 2814 occidendi
475 2749 577 2812 Clodii
596 2747 717 2824 dedisse,
778 2750 888 2812 ilonem
904 2766 1003 2810 autem
1021 2749 1052 2810 in
1068 2748 1120 2813 illa
1136 2747 1186 2810 de}

162 2834 172 2899 “.
220 2831 366 2902 sendenda
387 2829 417 2890 se
440 2848 558 2913 quoque
585 2846 716 2899 tutatum
740 2827 795 2891 esse
821 2830 955 2892 constet.
985 2829 1090 2912 Neque
1111 2826 1188 2890 illud

162 2908 173 2979 ζ
220 2930 341 3007 quoque
359 2908 510 2971 obscurum
526 2911 565 2972 est
583 2956 592 2986 ,
611 2911 724 2983 ludices
741 2954 751 2985 ,
773 2906 913 2972 Clodium
934 2929 994 2970 non
1017 2906 1188 2969 tamMilo·

162 2994 170 3059 Ε
222 2998 256 3061 ni
266 2995 298 3055 in
315 3004 399 3052 tanta
418 2992 602 3052 contentione
611 2989 805 3052 Consulatum
828 2991 953 3070 eripere,
974 3006 1065 3071 quain
1081 2988 1188 3064 Remp,

162 3076 169 3087 '
224 3074 350 3157 diripere
371 3066 513 3141 voluisse,
532 3088 625 3151 neque
646 3086 707 3132 tam
728 3086 762 3131 ut
784 3068 829 3129 illi
852 3068 928 3129 hanc
948 3066 1063 3146 repulsae
1084 3080 1188 3124 notam

162 3128 177 3167 Ι
225 3160 368 3224 inureret,
390 3168 425 3209 ea
441 3149 541 3211 omnia
563 3163 701 3211 conatum
729 3147 808 3221 esse,
835 3165 926 3237 quain
949 3161 982 3206 ut
1015 3144 1059 3205 ita
1083 3143 1189 3233 Remp.

162 3206 177 3247 Ι
224 3253 314 3325 quain
336 3229 488 3292 Tribunus
509 3228 601 3311 plebis
622 3226 785 3289 semiustam
806 3226 980 3306 reliquerat,
1001 3222 1109 3284 Praetor
1125 3242 1189 3285 uni,

162 3288 176 3381 ,Ι
224 3312 339 3385 versam
359 3309 577 3392 conflagraret,
598 3306 682 3368 omni
702 3304 822 3379 fludio,
844 3302 980 3365 omnibus
1001 3301 1136 3377 viribus,
1156 3322 1189 3363 o·-

162 3446 182 3487 3
223 3394 290 3459 mni
312 3390 413 3454 scelere
432 3386 626 3454 contendisse.
649 3390 747 3475 Atque
768 3383 966 3456 haecomnia,
989 3397 1076 3467 atque
1092 3382 1190 3445 hinet·

162 3504 169 3515 ·
228 3477 288 3539 iam
309 3473 404 3553 magis
425 3468 550 3545 nefaria,
574 3469 605 3529 in
626 3466 735 3528 Clodio
755 3462 850 3538 suisse,
873 3461 1064 3535 confitemur3
1093 3482 1189 3544 neque

162 3526 183 3647 ξ
223 3553 377 3620 hominem
405 3551 466 3633 poll
487 3549 620 3611 homines
642 3562 725 3608 natos
756 3543 850 3606 ullum
872 3540 975 3614 fuisse,
1003 3543 1056 3634 qui
1070 3542 1189 3612 ¹maiora

176 3686 183 3695 .
224 3631 370 3708 monstra,
413 3648 479 3693 uani
496 3629 618 3691 Clodius
639 3625 757 3699 secerit,
779 3624 888 3706 quique
909 3641 943 3684 eo
966 3625 1057 3686 laetius
1076 3622 1189 3686 exulta·

162 3688 183 3783 [ἶ
222 3718 291 3791 rit,
311 3731 372 3795 quo
388 3652 498 3792 {liquid
520 3708 691 3791 flagitiosius
712 3701 892 3778 admisisset,
920 3724 979 3765 non
998 3702 1189 3789 asseveranter

162 3780 183 3881 f,
224 3790 427 3861 affirmamus.
448 3791 488 3850 At
504 3789 613 3870 privati
631 3787 759 3851 hominis
784 3800 843 3847 non
859 3780 942 3860 suit,
965 3784 1093 3864 publicas
1114 3781 1189 3847 iliiu-

218 3878 282 3942 nas
304 3868 429 4013 {listi}
441 3869 559 3953 qundo
579 3868 664 3952 niso
684 3868 716 3932 er
736 3865 811 4007 tuq3
824 3864 1013 3947 Magistratus
1032 3900 1043 3939 ›
1064 3861 1135 3921 suae
1148 3854 1192 3917 a

263 3978 270 3999 e
341 3972 391 4012 om,
426 3993 434 4012 ‚
1053 3954 1150 4008 cures.
