3000 4559
620 465 692 531 83

547 540 947 652 acciperetur
969 612 989 646 ‚
1050 572 1250 648 atque
1308 548 1378 624 in
1433 579 1511 624 ea
1576 572 1763 626 tanta
1816 552 1929 624 vis
1985 548 2141 654 estet
2161 607 2183 642 ,
2238 571 2474 646 quanta

542 670 639 742 ad
713 688 966 739 tantam
1041 693 1172 737 rem
1247 667 1766 762 persuadendam
1840 685 1999 774 opu-5
2068 660 2226 766 effet
2268 716 2284 735 .
2348 667 2475 737 sed

544 783 662 853 vel
739 781 907 851 nihil
987 808 1062 850 ea
1142 797 1298 876 opus
1360 781 1570 874 fuerit
1642 783 1737 851 ad
1812 806 2019 851 eorum
2077 779 2473 875 integriorem

551 893 961 968 eoncordiam
1015 893 1530 985 conciliandam,
1594 894 1708 964 vel
1749 896 1912 990 sane
1955 891 2234 987 jejune,
2292 915 2474 988 atque

550 1008 808 1101 exiliter
853 1063 874 1098 ,
933 1008 1108 1101 quod
1152 1003 1430 1107 fortaſj'e
1486 1009 1713 1078 verius
1771 1007 1856 1094 est
1898 1065 1920 1100 ,
1985 1029 2299 1105 perorata
2338 1007 2471 1106 sit3

550 1121 714 1192 mihi
793 1141 1001 1192 tamen
1081 1119 1323 1192 bomini
1379 1121 1508 1190 duo
1554 1121 1637 1189 de
1694 1119 2010 1216 ofloginta
2085 1147 2285 1191 annos
2337 1142 2469 1191 nato

538 1234 713 1332 satir
769 1227 894 1333 effi
943 1235 1186 1328 poterit
1224 1287 1253 1320 ,
1331 1260 1428 1305 me
1503 1260 1648 1304 cum
1719 1229 2135 1338 bonefleffima
2214 1229 2463 1334 cauffa,

551 1371 757 1441 eaque
814 1343 1401 1452 Christiamffima,
1462 1347 1749 1418 animum
1804 1348 2035 1418 babere
2073 1341 2469 1450 conjunHiffi·

553 1480 723 1532 mum
778 1457 1177 1561 declaraffe,
1233 1487 1354 1555 quo
1408 1466 1619 1532 Deum
1680 1469 1832 1557 Opt.
1886 1467 2085 1532 Max.
2143 1486 2291 1557 rogo
2331 1515 2350 1550 ‚
2401 1479 2464 1528 ut

552 1579 657 1644 Te
681 1628 704 1663 ,
762 1597 944 1668 quem
1010 1576 1144 1670 ipse
1188 1574 1366 1669 solus
1423 1575 1625 1669 Gregi
1665 1576 1782 1670 suo
1838 1574 2167 1662 Pastorem
2197 1573 2461 1671 proxime

555 1686 807 1781 delegit
851 1743 873 1778 ,
951 1713 1032 1759 ac
1085 1685 1276 1783 quasi
1330 1687 1411 1757 de
1467 1687 1649 1758 Coelo
1709 1687 1778 1759 in
1826 1690 2069 1784 summo
2127 1683 2269 1779 ejus
2313 1685 2469 1793 peri-s

559 1799 701 1869 culo
756 1798 1010 1882 demisit
1042 1852 1063 1886 ‚
1127 1800 1380 1870 diutius
1434 1799 1502 1870 in
1561 1800 1744 1871 illius
1788 1801 2081 1888 custodia
2122 1801 2460 1896 conservet.

562 1909 830 1985 Interim
888 1911 1300 2003 Christiane,
1360 1933 1434 1983 ut
1481 1914 1659 2007 facis
1684 1971 1705 2005 ,
1762 1916 1920 1984 vale
1948 1969 1967 1989 .

680 2027 1001 2099 Ferraria·
1055 2028 1200 2100 XV.
1262 2026 1418 2100 cal.
1478 2029 1869 2123 Septembris
1920 2029 2316 2104 MDLXVI.

2219 3923 2396 3991 BAR-
