3000 4559
371 491 410 537 et
592 467 1040 534 BARTHOL·RICCH

332 552 378 623 tia
402 547 557 617 reseretur?
576 552 630 635 'qui
654 551 763 615 bellum
781 572 840 612 non
864 548 952 631 louge
967 548 1005 610 ab
1022 546 1107 609 Urbis
1124 542 1302 623 moenibns,

329 651 391 697 tion
416 633 516 715 procul
542 653 561 694 a
587 633 686 695 vestris
711 630 858 707 Laribus,
890 650 951 691 non
974 627 1090 708 longius
1112 641 1302 718 remotione

331 715 432 777 vestris
457 713 577 786 liberis,
601 727 633 773 at
656 731 691 773 ue
707 710 846 773 uxoribus
863 725 914 772 aut
931 707 963 770 in
980 706 1097 784 Africa,
1116 721 1172 769 aut
1190 726 1224 769 in
1240 700 1303 769 His·

329 796 444 877 pania,
475 810 528 855 aut
552 792 584 853 in
600 729 669 852 Asa
697 791 791 853 vestra
812 790 927 872 ingenti
999 787 1094 862 unia,
1119 803 1216 876 atque
1235 805 1302 852 mitti

333 894 441 953 magna
458 869 591 936 rnilitum
609 869 761 933 amissione
776 869 861 932 iobis
878 891 933 932 con
962 869 1028 944 cit,
1048 866 1166 949 sedqui
1186 909 1197 942 ,
1217 884 1302 949 quein

332 936 445 1016 nollem
461 954 697 1015 intramuranum
713 990 723 1026 ,
740 967 828 1032 atque
844 949 915 1012 adeo
932 948 964 1010 in
980 943 1116 1010 domibus
1133 942 1242 1009 vestris·
1257 946 1305 1009 ha·

332 1031 444 1096 bebetis
465 1076 474 1108 ,
494 1033 572 1115 qui,
593 1050 683 1114 quani
709 1046 814 1091 tetram
832 1031 915 1091 illam
934 1024 1087 1089 libidinem
1105 1023 1200 1117 'suam
1216 1049 1237 1091 a
1251 1024 1305 1091 suit

333 1113 487 1174 inchoavit
507 1157 515 1186 ,
537 1111 569 1171 in
595 1111 694 1174 vestris
713 1109 838 1185 liberis,
861 1110 892 1170 in
908 1109 1008 1170 vellris
1030 1107 1170 1171 uxoribus
1194 1101 1306 1190 [iguo-

334 1191 432 1263 scite,
463 1191 602 1267 Judices,
624 1190 643 1252 fi
666 1189 758 1253 etiam
785 1209 849 1273 quae
866 1188 969 1250 misera
984 1187 1050 1250 sunt
1074 1186 1208 1264 auditu,
1229 1186 1306 1253 vobi·

335 1269 416 1333 scum
434 1291 518 1352 agere
535 1268 652 1352 cogor]
674 1268 757 1332 vobis
772 1270 863 1330 etiam
881 1268 981 1329 misere
996 1263 1306 1349 spectantibue'foede,

337 1371 372 1414 ac
389 1353 511 1432 turpiter
529 1351 642 1432 explere
657 1348 821 1431 perrexisset
838 1393 848 1424 ,
868 1347 924 1410 suis
941 1346 1104 1423 militibus,
1126 1346 1187 1409 suis
1205 1348 1307 1422 ermis,

339 1429 391 1492 suo
408 1451 460 1492 are
477 1469 487 1506 ,
509 1426 564 1492 hoc
579 1429 619 1491 est
636 1473 645 1505 ,
669 1428 719 1491 sua
734 1430 846 1491 virtute
867 1425 1038 1502 interfecit,
1058 1427 1218 1504 extinxit,
1235 1428 1309 1491 dele·

340 1510 407 1574 vit?
429 1510 541 1584 Certe,
562 1508 694 1585 Judices,
716 1529 777 1571 non
794 1508 948 1571 huicsatis
966 1507 1006 1569 est
1022 1527 1096 1570 unus
1112 1506 1308 1582 Consulatus,

363 1590 392 1652 ui
409 1587 600 1672 amplissimus
616 1588 721 1670 gradus
736 1589 775 1650 est
798 1590 830 1669 in
846 1587 979 1650 Civitate
996 1633 1005 1664 ,
1027 1587 1074 1650 sed
1089 1586 1307 1668 gloriofislimus

339 1610 452 1732 dandus
478 1670 516 1730 est
534 1669 815 1751 triumphus,atque
840 1666 975 1750 cujusque
1016 1668 1108 1728 eneris
1126 1667 1231 1730 slatuae
1245 1667 1307 1731 siurt

337 1750 505 1831 erigenda,
525 1752 592 1811 non'
610 1753 709 1816 autem
725 1748 814 1810 urob
838 1752 900 1809 t'ain
918 1689 1087 1830 pracb'rum
1104 1741 1257 1824 facinus,
1271 1765 1307 1811 et·

338 1849 397 1912 que
421 1830 459 1890 ob
472 1844 592 1891 tantuin
617 1828 649 1889 in
661 1828 770 1909 Remp.
787 1830 924 1890 metitum
950 1826 1001 1890 sua
1021 1828 1123 1908 sponte
1138 1827 1309 1903 collatum,

337 1907 371 1971 in
386 1909 500 1970 nullum
517 1908 619 1978 judicii
637 1908 799 1988 periculum
816 1924 984 1970 vocaretur.
1007 1905 1138 1971 Tametsi
1165 1906 1309 1991 hecquo

340 2008 415 2071 que,
426 1988 554 2063 Judices,
565 1987 590 2049 is
607 1984 658 2049 sibi
675 1988 772 2070 magis
789 1985 825 2049 ad
841 1986 1048 2069 sempiternam
1085 1986 1310 2070 rerumquae

341 2067 379 2133 ed
406 2068 497 2130 ullam
522 2066 649 2128 insamiae
675 2067 863 2149 suspicionem
888 2068 1056 2130 sutumma
1090 2068 1230 2153 itratut,
1249 2088 1311 2133 cuin

339 2146 440 2210 velitis
464 2166 488 2208 ae
510 2145 653 2224 uiffimiS,
677 2168 710 2210 ac
735 2148 962 2229 prudentisfimis
977 2148 1138 2211 sententiis
1170 2148 1310 2228 pietatem

340 2226 422 2290 suam
449 2225 479 2286 in
488 2164 626 2287 latriam
651 2229 872 2308 comprobatam
899 2226 959 2290 toti³
976 2226 1050 2288 Orbi
1066 2238 1216 2311 terrarum
1234 2229 1310 2293 telle·

340 2303 436 2370 bitur.
468 2302 620 2368 Memoria
644 2306 716 2368 item
743 2308 890 2388 proditum
914 2306 985 2381 esl„
1013 2306 1155 2384 Judices,
1189 2305 1310 2380 maiorer

341 2386 453 2448 nostros
482 2385 514 2447 iii
539 2385 651 2448 sumnia
674 2388 844 2467 peslilentiae
868 2386 1068 2462 difficultate,
1096 2405 1169 2449 cum
1195 2388 1312 2452 norbert

340 2462 374 2529 in
399 2461 458 2526 dies
482 2463 576 2546 magis
602 2468 633 2527 iii
649 2465 759 2528 Urbem
780 2464 1016 2549 ingravesceret,
1036 2482 1126 2552 atque
1143 2467 1273 2551 serperet
1287 2489 1313 2530 a·

340 2544 417 2608 erius
436 2584 445 2619 ,
465 2564 558 2626 neque
574 2545 642 2606 ullis
659 2543 797 2609 humanis
814 2544 951 2627 praefid'ris
973 2550 1069 2610 averti
1087 2548 1206 2630 posset,
1226 2550 1260 2611 in
1277 2547 1312 2610 E·

366 2624 516 2685 idamnum
541 2623 665 2701 misisse,
685 2627 737 2708 qui
763 2623 956 2707 sEsculapiuin
982 2628 1131 2708 Apollinis
1156 2628 1257 2692 silium
1283 2630 1312 2691 iu

342 2644 453 2764 llrbem
478 2703 653 2767 adducerent
672 2726 681 2778 ;
701 2705 754 2787 qui
778 2707 810 2766 in
827 2707 941 2788 Anguis
964 2705 1059 2771 sormri
1084 2726 1118 2771 ut
1133 2709 1173 2770 ad
1194 2726 1251 2772 iios
1266 2709 1312 2771 ed·

344 2781 445 2844 tesius
460 2780 515 2859 est,
536 2785 678 2847 continuo
687 2785 781 2924 pellis
799 2783 888 2866 paulo
905 2786 932 2848 se
949 2789 1074 2863 remisit,
1091 2787 1311 2932 acpaulo&

342 2878 407 2924 tota
424 2862 562 2938 decessit,
582 2861 629 2924 eui
647 2884 685 2944 po
711 2884 744 2926 ea
761 2864 862 2946 Angui
886 2866 1048 2950 Tnnplum
1069 2867 1175 2950 ingens
1192 2866 1250 2932 aedi

343 2959 439 3017 runt,
462 2941 638 3033 decultum,
657 2943 688 3004 tr
705 2946 892 3035 ceremonias
909 2948 971 3011 suas
988 2945 1210 3027 attribuerunt,
1224 2956 1311 3034 q‘nenr

341 3040 422 3165 tlt
451 3021 1312 3182 tlt?illst?itl'tltnlwn‘tts‘{lietb

342 3182 409 3244 sunt
424 3144 514 3270 ,'quae
531 3179 624 3250 maior
641 3178 751 3274 peliis,
771 3185 824 3266 qui
839 3128 1243 3278 tetrior'niorbusuiiiqmiti
1253 3190 1309 3280 Ur·¹

342 3257 409 3325 beni
426 3258 554 3351 invafit,
573 3276 665 3354 arque·
678 3262 840 3353 Civitatem
857 3264 1128 3349 bancoccupavit,
1149 3289 1248 3350 quam
1264 3289 1310 3357 qai

341 3341 415 3402 ap.
433 3339 533 3401 Clodn
562 3340 710 3404 sceleribus
735 3343 907 3425 ingruebat?
927 3349 980 3428 qui
1004 3348 1095 3410 boum
1121 3349 1214 3412 lliros
1230 3370 1310 3412 nece·

340 3414 419 3492 bat,
445 3418 637 3484 adolescentes
660 3420 697 3486 ad
721 3426 878 3504 perniciem
900 3427 1130 3508 corrumpebat,
1149 3428 1239 3491 foeda
1254 3450 1311 3493 ota·

343 3498 450 3572 tione,
470 3494 639 3564 foedioribus
654 3501 739 3565 sadis
755 3506 857 3567 omnia
872 3507 1093 3570 contaminabat
1109 3553 1121 3583 ,
1141 3529 1177 3570 ac
1194 3510 1310 3573 scelere·

259 3582 263 3590 '
344 3595 375 3640 te
392 3575 544 3657 perdebat?
564 3581 652 3643 Certe
668 3582 1124 3678 pestilentia,Judices,liberota
1139 3589 1310 3677 miserorum

342 3672 543 3799 stistte
557 3677 688 3802 Ξῖἓῗῖῗ
698 3662 943 3808 dissidii
963 3666 1309 3834 diffidis&

217 3786 292 4068 x
340 3833 393 3881 eut
411 3837 465 3880 tos
480 3817 639 3894 violabat,
658 3837 711 3884 aut
727 3821 882 3888 infeliciter
896 3826 1052 3907 perdebat.
1071 3826 1141 3892 Hoc
1155 3846 1240 3970 cmii
1254 3848 1308 3892 arii·

1192 3926 1217 3992 p
1242 3932 1276 3973 us
