3000 4559
300 502 359 566 ηε
399 539 403 546 ,
493 481 767 547 ‚enantion
787 475 959 540 niccrt

258 583 339 631 mam
362 580 478 646 operam
503 581 609 624 navate
632 561 786 642 pollicetur
801 605 810 636 ,
826 559 993 630 observate,
1009 553 1150 632 inquam,
1165 557 1224 613 ani

256 668 337 708 ream
350 643 553 724 metaphoram
567 643 597 701 in
613 641 734 721 pasfslra
755 641 893 699 literaria.
918 639 989 697 Non
1007 656 1044 695 ne
1060 635 1119 694 hoc
1133 632 1213 693 vobis

256 724 423 789 Romanam
438 720 636 803 eloquentiam
657 719 782 783 redolere
804 715 947 781 videtur?
971 714 1078 776 Sardus
1094 712 1135 772 esl
1149 711 1214 782 ille3

257 827 352 887 neque
374 805 454 865 enim
477 821 577 863 omnes
601 800 673 862 servi
698 801 801 860 Roma
818 815 870 858 ant
896 796 1050 868 Tirones,
1069 809 1121 853 ant
1142 793 1216 852 Lau·

258 905 331 958 rear,
351 901 403 946 aut
424 881 555 942 Terentii
575 879 716 955 suemnt,
739 879 787 941 sed
810 877 895 949 hujus
910 877 1072 957 plerunque
1097 871 1214 947 similes,

262 979 379 1025 tantum
398 961 529 1024 venales.

252 1197 255 1200 .
299 1123 431 1182 Tradunt
459 1096 531 1181 eninr
552 1119 756 1198 Sapientiores,
783 1116 930 1178 verr‘taum
945 1113 1096 1175 mestortrm
1117 1109 1218 1190 gladiis

254 1202 317 1282 peri
330 1201 423 1281 poffe,
442 1219 474 1260 ar
491 1199 619 1279 jugulari
639 1200 766 1260 mtirime.
1122 1221 1124 1225 ’

300 1352 344 1420 Ut
364 1359 457 1435 tesle,
479 1359 510 1421 δι
530 1359 672 1438 sapienter
691 1377 773 1420 atne
788 1403 796 1417 .
812 1359 892 1420 Nam
909 1375 963 1436 pto
978 1374 1027 1415 me
1042 1349 1085 1412 est
1100 1351 1217 1411 veritas.

262 1440 352 1500 Niliil
368 1440 446 1501 enim
464 1440 519 1503 hac
533 1455 585 1500 tua
607 1455 672 1500 tota
687 1438 847 1519 nugatione
871 1437 1031 1526 quicquam
1049 1451 1080 1493 es
1097 1474 1107 1505 ,
1133 1449 1215 1511 quam

262 1539 346 1580 mera
370 1540 480 1600 nuga,
503 1519 670 1594 insomnia,
690 1519 834 1593 vanitas,
858 1516 999 1589 stultitia,
1021 1511 1142 1573 fatuitas
1163 1531 1172 1581 3
1192 1529 1215 1569 e·

264 1620 306 1680 go
323 1616 440 1673 contra,
462 1598 563 1661 omnia
579 1618 667 1673 veta,
688 1613 794 1673 certa,
816 1597 961 1679 explicata
976 1591 1106 1676 protuli.

300 1752 364 1816 Non
382 1748 758 1837 ignoro,virrutumamnium
773 1756 914 1817 candorem
928 1758 980 1833 effe
994 1749 1135 1833 propriam
1151 1748 1213 1829 igno·

234 1904 237 1910 ί
259 1837 381 1895 tantiam
404 1860 456 1896 non
477 1839 618 1913 ignorare,
646 1859 693 1896 nec
712 1836 822 1895 alienas
843 1837 959 1894 virtuter
979 1832 1137 1912 negligere,
1164 1849 1212 1907 pne

253 1916 360 1992 scimus
381 1915 434 1994 ipſs
444 1959 453 1990 ‚
470 1932 565 1994 parua
585 1917 697 1989 ducere,
717 1938 778 1994 que
797 1915 867 1990 alii,
890 1914 939 1974 ves
949 1911 1156 1992 magnifacere,
1174 1904 1212 1966 nes

253 1994 363 2132 riselam,
375 2017 429 2088 ⁸non
448 2010 638 2072 contemnere,
666 1995 772 2077 alioqui
800 2017 901 2055 munus
931 1992 1029 2053 invidi
1050 1991 1114 2068 est,
1140 2008 1234 2070 atque.

262 2098 310 2134 erra
323 2097 398 2157 agne.

264 2296 269 2305 ,
298 2236 350 2297 Tu
371 2235 465 2316 igitur
484 2235 536 2296 illa
553 2249 604 2298 tua
620 2234 792 2296 sanstissima
807 2234 950 2294 sententia
965 2231 1003 2295 ab
1019 2231 1075 2292 illo
1091 2247 1146 2293 tuo
1159 2243 1212 2289 cau⁴

260 2310 329 2374 <lore
345 2314 531 2377 alienissimus
547 2336 594 2388 es,
614 2317 667 2397 qui
683 2315 878 2395 ignorantiam
902 2335 962 2375 non
988 2313 1083 2374 solum
1100 2331 1158 2371 non
1173 2327 1216 2366 noe

259 2394 294 2454 sti
310 2410 417 2467 tuam,
444 2395 489 2456 sed
513 2395 646 2477 quotidie
669 2416 733 2456 earn
758 2396 848 2456 etiam
866 2394 896 2453 in
915 2392 1040 2454 tabernis
1057 2391 1094 2451 ad
1112 2386 1213 2468 imperi

260 2491 322 2534 tam
348 2476 566 2536 multitudinem
590 2474 723 2548 extollis,
744 2474 905 2554 praedicas,
927 2472 1015 2546 jarras
1037 2470 1213 2533 insolentium

258 2554 311 2634 qui
335 2555 469 2614 omnium
494 2555 565 2616 item
583 2553 775 2615 invidissimus
791 2574 837 2626 es,
854 2554 923 2633 qui,
946 2570 1010 2633 qua
1037 2550 1109 2612 boni
1127 2563 1211 2610 omnes

260 2634 512 2712 comprobarunt,
540 2651 572 2693 tu
593 2632 669 2693 solus
690 2633 909 2711 contempsisti,
938 2631 1070 2712 solusque
1102 2643 1210 2710 repertus

261 2731 309 2784 en,
324 2713 375 2849 qui
390 2713 422 2772 in
440 2733 474 2772 ea
491 2711 511 2772 st
526 2732 544 2771 a
560 2727 605 2784 te,
623 2711 878 2785 inconsultissime,
895 2711 915 2772 fi
932 2711 968 2771 ab
985 2711 1071 2786 aliis,
1089 2705 1213 2772 levttfine

261 2790 329 2849 inve
353 2791 453 2863 eretis,
478 2790 589 2849 tametsi
613 2811 671 2850 non
690 2790 746 2850 sine
772 2808 823 2853 tua
844 2788 929 2850 facies
946 2810 1138 2869 magnacum
1154 2804 1216 2847 met·

260 2866 340 2929 cede·
365 2868 464 2928 Multo
482 2869 561 2927 enim
579 2869 670 2937 major
685 2890 703 2930 a
720 2890 766 2930 me
782 2871 877 2949 gratia
903 2867 955 2930 tibi
973 2869 1126 2944 reseretur,
1140 2883 1217 2949 quam

261 2948 353 3008 ieris.
379 2947 520 3008 Noslrum
547 2965 644 3008 autem
662 2963 725 3009 utet
749 2950 897 3036 malignus
916 2949 974 3022 stt,
1001 2950 1101 3010 nostra
1128 2947 1217 3025 scripta

259 3021 349 3168 qnam
365 3027 433 3088 vita
450 3028 858 3111 rationemnonell,quod1n
878 3029 954 3090 hune
971 3028 1070 3090 locum
1089 3022 1217 3102 referam]

272 3108 344 3168 acile
360 3105 507 3168 declarant
525 3150 532 3166 .
556 3107 774 3183 Conferamus,
798 3108 894 3190 quaeso
913 3151 922 3183 ,
947 3125 1072 3191 utraque
1089 3129 1123 3169 ac
1139 3123 1216 3187 quam

260 3186 460 3266 paucissimis.
484 3184 534 3249 Tu
551 3188 583 3248 in
601 3205 652 3250 tua
667 3187 798 3268 Epistola
813 3189 889 3249 nihil
905 3189 984 3250 aliud
1002 3208 1032 3248 es
1050 3233 1058 3263 ,
1076 3207 1165 3270 quam
1183 3185 1220 3244 in·

261 3266 366 3340 vidia,
384 3287 483 3406 flquam
507 3266 659 3341 ambitio,
681 3289 770 3349 quam
795 3269 983 3346 petulantia,
1009 3289 1104 3349 quam
1131 3267 1221 3337 livor,

259 3366 383 3426 quamn
404 3346 532 3421 entatio,
555 3368 618 3429 quae
635 3351 735 3408 omnia
751 3349 827 3410 vitia
845 3348 876 3408 in
893 3348 1092 3428 malignitatis
1114 3343 1222 3427 'gremio

262 3424 395 3513 cubant..
424 3425 491 3506 Ego
508 3447 577 3487 vero
593 3428 622 3486 in
641 3448 705 3488 mea
728 3427 799 3508 quitl
816 3427 894 3491 aliud
913 3445 975 3490 tam
993 3448 1069 3508 ago,
1088 3447 1176 3508 quam
1196 3438 1225 3484 ut

260 3502 463 3565 modestissime
487 3527 581 3567 meam
607 3506 780 3567 sententiam
805 3505 926 3568 dicam?
950 3509 1083 3568 literatos
1102 3525 1225 3567 commo·

260 3601 347 3670 neam
366 3625 376 3653 ,
400 3599 433 3643 ut
450 3605 563 3646 mecum
581 3586 611 3646 in
629 3588 682 3646 hac
698 3607 770 3648 voce
787 3585 911 3648 sentiant
927 3584 938 3645 ‚³
955 3587 1044 3648 Certe
1062 3587 1139 3647 nulli
1157 3586 1225 3652 iniu-

261 3680 336 3750 rtam
352 3659 452 3735 facio,
477 3684 512 3724 ne
535 3685 569 3724 ue
585 3686 762 3746 quemquam
779 3681 830 3725 aut
846 3666 959 3745 capillis
977 3711 986 3739 ,
1011 3682 1064 3728 aut
1082 3687 1134 3746 per
1149 3665 1225 3745 pedes

262 3761 293 3829 ¹¹¹.
314 3761 377 3802 eam
397 3742 497 3801 traho.
551 3764 612 3802 eam
630 3745 683 3805 esse
701 3746 856 3817 Latinam,
873 3745 998 3806 aliorum
1015 3746 1226 3818 contra,ratio·

262 3819 374 3899 nibus,
396 3823 600 3904 argumentis,
622 3825 762 3906 exemplis
787 3824 949 3890 certissimis
964 3825 1179 3908 comprobari.
1202 3823 1226 3885 Si

1123 3925 1188 3988 pru-
