3000 4559
625 294 692 408 s

387 483 444 549 128
621 482 873 544 BARTHOL.
894 479 1064 542 arceri

346 583 472 646 quorum
490 561 595 626 babes·
618 563 808 626 fidelissimam
839 579 993 637 manum,
1023 560 1054 622 ἃ
1081 559 1112 620 in
1144 555 1302 621 mentiendo
1343 624 1344 629 ,

346 643 625 718 exercitatissimam,
646 641 730 705 facile
752 641 861 704 sarium
883 641 1054 710 convinces;
1074 638 1147 721 quin
1169 638 1303 714 etiams
1343 638 1344 683 ἶ

348 743 422 806 opus
444 723 496 801 srt,
518 740 547 785 te
563 742 677 785 mecum
698 721 803 785 assidue
820 721 973 795 habitasse,
995 721 1058 801 pari
1075 716 1210 798 probabis
1226 718 1304 779 rario-

349 824 409 865 ne.
437 803 525 868 Certe
545 802 580 864 de
601 819 730 892 tempore
750 823 786 863 ex
809 801 845 863 iis
866 801 980 863 nullum
1001 798 1104 861 habere
1127 813 1236 878 potes,
1259 797 1303 879 qui

350 883 499 950 malitiam¹
516 899 597 944 tuam
619 881 762 955 adiuvet,
792 882 844 963 qui
873 902 908 943 ex
938 879 1097 960 composito
1126 876 1183 938 tibi
1204 875 1303 956 respon·

349 963 431 1026 deat.
453 962 490 1023 In
509 983 546 1024 eo
566 962 646 1024 enirn
668 979 696 1023 te
717 960 775 1042 ipse
790 961 944 1042 jugulasti,
964 957 1131 1022 confodisti.
1153 956 1229 1030 Dic,
1244 976 1305 1039 que-

351 1043 406 1118 so,
428 1041 502 1104 bone
522 1042 593 1118 vir,
624 1060 683 1132 quo
705 1057 835 1122 tempore
856 1064 875 1102 a
894 1061 941 1103 nre
961 1040 1115 1121 pecuniam
1135 1057 1202 1099 earn
1225 1036 1306 1097 Vene-

350 1122 402 1184 riis
422 1120 573 1201 accepisti?
593 1121 665 1205 quid
687 1118 814 1183 frontem
830 1118 1014 1184 comraxisti?
1036 1115 1127 1201 quid?
1149 1120 1234 1179 Num
1252 1132 1305 1177 tarr·
1343 1148 1344 1153 1

352 1201 419 1263 dem
430 1201 551 1277 sensisti,
565 1219 593 1264 te
604 1222 662 1267 nou
671 1202 772 1269 omnia
780 1202 896 1275 vidisse,
915 1221 981 1262 cum
991 1199 1122 1261 fraudem
1140 1197 1226 1258 istam
1235 1213 1304 1258 tuam

352 1278 541 1362 conciperes?
571 1281 625 1342 Sed
645 1281 706 1343 sero
729 1280 817 1362 sapis.
840 1282 919 1355 Dic,
940 1282 1086 1362 inquam,
1115 1277 1234 1359 quando
1251 1295 1304 1336 eam
1343 1330 1344 1335 ,

352 1363 505 1441 pecuniam
527 1383 545 1421 a
566 1382 613 1422 me
634 1360 770 1422 Veneriis
790 1363 953 1441 acceperis.
984 1356 1093 1432 Quid?
1124 1377 1186 1419 non
1207 1356 1304 1416 dissum
1343 1360 1344 1381 ³

351 1441 391 1501 est
411 1439 527 1522 saepius?
548 1460 641 1523 neque
661 1458 761 1502 tamen
784 1443 833 1504 sua
855 1440 973 1503 audacia
994 1437 1152 1509 dejicitur.
1181 1437 1223 1499 Ut
1241 1455 1304 1497 arro·

351 1538 472 1600 gauter.
493 1521 560 1582 Hoc
582 1523 653 1582 item
674 1522 739 1583 loco
761 1520 815 1583 tibi
835 1521 874 1581 est
894 1519 1075 1582 iterandum.
1095 1517 1163 1579 Imo
1179 1515 1304 1598 perliber-
1341 1516 1343 1561 ἰ

354 1615 425 1672 ter3
453 1599 542 1662 etiam
563 1602 695 1663 centies.
724 1600 823 1663 Idibus
845 1601 995 1680 Augusti.
1024 1597 1154 1675 Quodn
1192 1616 1238 1657 are
1255 1615 1304 1656 non
1340 1612 1345 1678 ,ζ

348 1679 778 1760 poterat,audasiersassusest.
799 1682 848 1742 Tu
857 1701 944 1755 ver0,
965 1678 1118 1758 Princeps,
1140 1677 1172 1748 iu
1213 1675 1301 1750 ,istum
1342 1684 1344 1709 ἕ

352 1760 574 1897 Ριιαηιρτίωυω
595 1760 626 1820 in
648 1779 761 1820 crucem
783 1761 873 1841 rapi,
903 1758 1088 1839 strangulari.
1108 1758 1145 1818 Se
1166 1756 1242 1817 enim
1259 1755 1303 1816 bac
1341 1752 1345 1790 ί

364 1837 412 1898 ola
428 1858 500 1899 voce
520 1836 661 1911 confecit,
682 1839 821 1920 laqueum
839 1839 889 1899 sibi
905 1839 1090 1901 constrinxit.
1112 1835 1180 1918 Ego
1195 1855 1230 1897 eo
1244 1849 1304 1896 rem·
1341 1833 1345 1868 ¹

374 1936 447 1992 ore,
475 1917 613 1978 Hercules
634 1917 798 1998 Princeps,
824 1939 884 1999 quo
905 1919 955 1980 ilie
975 1940 993 1978 a
1013 1939 1059 1978 me
1080 1916 1233 2006 pecuniam
1251 1933 1303 1976 earu
1341 1911 1345 1949 ³

389 1996 490 2057 enetiis
511 1997 643 2077 accepisse
661 1997 768 2078 fingere
777 2000 887 2080 pergit,
911 1998 959 2059 hio
976 1997 1153 2059 Ferrarraein
1176 2012 1227 2057 tua
1242 1993 1304 2057 Urbe
1340 1995 1345 2028 ¹

356 2074 433 2155 apud
455 2076 583 2137 socerum
594 2097 693 2139 meum
702 2079 832 2157 graviter
840 2076 1034 2159 aegrotabam:
1054 2077 1102 2139 cui
1111 2076 1155 2137 rei
1163 2075 1235 2138 mibi
1243 2074 1304 2137 rellir
1335 2071 1345 2129 ἒ

356 2157 397 2219 esi
428 2154 561 2219 universa
581 2155 667 2218 soceri
688 2158 746 2219 mei
766 2156 878 2219 familia
896 2179 905 2226 3
926 2157 1002 2221 tellis
1023 2157 1064 2218 est
1085 2157 1196 2218 vicinia
1213 2175 1223 2226 3
1242 2152 1303 2216 resb'r
1340 2154 1345 2190 ²

352 2234 393 2296 est
413 2234 537 2318 denique
549 2237 707 2308 ,Antonius
731 2237 818 2300 Musa
839 2238 968 2299 medicus
990 2254 1075 2311 tuus,
1095 2236 1149 2326 qui
1174 2234 1246 2296 milri
1263 2233 1301 2295 sua
1338 2234 1345 2272 ³

354 2315 535 2396 prudentia,
566 2315 615 2377 sua
637 2316 818 2397 diligentia,
848 2318 902 2379 suis
940 2316 1133 2378 saluberrimis
1157 2312 1301 2396 pharmaci
1337 2309 1345 2352 ¹

355 2394 504 2475 pristinam
526 2396 725 2457 valetudinem
749 2398 895 2458 restituit.
918 2397 995 2477 Lege
1016 2413 1048 2458 tu
1070 2396 1179 2458 horum
1198 2393 1303 2456 testimo·
1336 2392 1345 2481 ξ

353 2475 404 2535 nia
420 2520 427 2535 .
444 2473 732 2537 TESTIMONIA.
755 2477 870 2557 Ecquid
892 2477 948 2537 hoc
968 2477 1025 2550 est,
1047 2472 1201 2556 Princeps?
1220 2471 1300 2534 Etiam
1332 2488 1343 2511 ²

359 2553 553 2615 rstumeessas
576 2554 671 2623 jubere
691 2556 721 2615 in
745 2577 859 2616 crucem
882 2554 972 2636 rapi?
995 2555 1084 2618 etiam
1107 2555 1166 2617 tria
1186 2554 1261 2635 ligna
1275 2551 1301 2611 il·
1331 2548 1344 2617 ²]

355 2633 384 2692 la
394 2677 405 2721 ,Ι
419 2631 544 2706 scalam,
560 2631 676 2706 sunem,
693 2635 869 2696 tabularium
888 2635 1011 2715 expediri
1029 2656 1090 2697 non
1106 2632 1207 2704 jubes?
1227 2634 1301 2695 Num·
1333 2613 1344 2669 ¹

356 2711 427 2791 quid
448 2711 573 2793 amplius
594 2714 743 2791 expedias,
764 2735 824 2792 quo
841 2717 935 2795 magis
957 2715 1035 2776 illius
1056 2713 1162 2776 scelera
1181 2712 1233 2774 ribi
1252 2725 1302 2772 anre
1331 2711 1344 2750 ³⁵

354 2788 454 2852 oculos
498 2791 731 2878 proponantur?
769 2793 871 2856 Testes
899 2793 985 2855 habes
1022 2792 1229 2856 honesliffimos
1262 2790 1300 2850 si·
1333 2784 1345 2847 Ρ

356 2889 403 2930 ros
430 2913 440 2944 ,
461 2888 512 2950 qur
533 2867 688 2946 fatentur,
710 2893 770 2952 quo
791 2894 839 2934 me
859 2873 910 2935 isle
931 2891 1065 2954 tempore
1085 2871 1224 2936 Veneriis
1242 2873 1302 2933 inre
1332 2870 1345 2937 ἕ

336 2947 489 3014 ‘scelerate
510 2949 637 3031 cogitare
658 2953 793 3027 accusat,
818 2974 853 3015 eo
873 2953 952 3035 quasi
974 2954 1053 3015 domi
1076 2971 1158 3028 tuae,
1178 2952 1214 3014 de
1234 2950 1303 3012 salute
1333 2940 1345 3015 ²3,

356 3048 423 3092 mea
441 3031 570 3110 graviter
591 3030 746 3094 dubitare.
769 3033 822 3094 Sed
843 3034 889 3094 his
911 3035 1046 3095 humanis
1069 3034 1186 3095 testibus
1208 3031 1303 3092 divinit
1326 3046 1329 3051 ·

356 3109 465 3174 accedit
489 3110 566 3172 tellis
588 3111 694 3185 Deus,
722 3114 774 3194 qui
797 3114 842 3176 isli
863 3114 894 3174 in
916 3130 999 3175 tamo
1021 3114 1123 3175 scelere
1144 3113 1175 3173 id
1197 3108 1303 3180 coufihi,

355 3208 444 3272 atque
466 3192 570 3256 mentis
594 3191 698 3272 eripuit
717 3236 725 3267 ,
755 3209 788 3254 ut
809 3193 905 3255 videre
927 3215 987 3255 non
1010 3193 1099 3276 posset
1118 3238 1128 3268 ,
1150 3207 1245 3254 utrurn
1262 3206 1306 3274 ego

395 3269 495 3331 rillud
513 3287 626 3350 tempus
644 3271 798 3347 VeneriiS,
820 3293 856 3334 au
878 3274 1013 3336 Ferraria
1032 3293 1165 3334 averem.
1186 3272 1250 3332 Hoc
1263 3269 1305 3328 Det

377 3348 495 3410 euesicio
515 3348 624 3411 fassum
645 3350 702 3424 esl,
727 3353 879 3433 Princeps,
900 3354 951 3434 qui
974 3354 1030 3416 suis
1049 3322 1145 3434 squar
1165 3351 1225 3421 ejus
1244 3348 1306 3410 sum·
1333 3372 1335 3377 ·

357 3426 465 3487 maest
488 3429 670 3510 prudentia]
692 3450 741 3511 per
764 3432 822 3493 haec
845 3433 962 3508 etiarn,
991 3452 1054 3515 quae
1085 3431 1170 3493 nobis
1193 3429 1307 3493 videntur

355 3503 491 3580 adversa,
509 3507 658 3574 salubriter
682 3511 860 3589 opitulatur.
886 3513 1020 3587 Atride,
1036 3511 1149 3593 quaeso,
1171 3512 1306 3588 Princeps,

357 3583 496 3665 querebar
515 3606 570 3664 ego
592 3604 672 3673 rum,
695 3606 783 3672 atque
804 3590 930 3670 angebar
952 3593 1098 3666 maxime,
1120 3612 1169 3651 me
1192 3584 1304 3650 venenis

357 3663 394 3725 ad
416 3683 481 3725 mea
502 3683 619 3745 negotia
640 3668 729 3729 adesse
751 3690 810 3732 non
833 3669 935 3750 posse,
965 3673 1016 3733 ubi
1045 3672 1066 3731 sr
1087 3692 1143 3752 ego
1167 3667 1304 3736 affusum,

356 3743 464 3832 multo·
479 3745 597 3823 grauius
627 3746 674 3813 vel
704 3748 859 3815 incolumis
888 3753 1083 3830 egrotassem
1104 3751 1305 3832 majusque,2c

356 3823 540 3905 perniciosius
561 3827 714 3911 negotium
732 3829 809 3892 mihi
826 3832 1049 3912 comparassem,
1070 3845 1103 3893 ut
1118 3851 1139 3894 a
1154 3850 1221 3893 mea
1236 3828 1305 3965 etibru
1342 3819 1345 3858 ¹

1251 3929 1266 3968 a
