3000 4559
310 493 348 570 136
532 486 787 546 ΒἈΚΤΗΘΕ.
809 486 974 546 ΚΙΟΘΙΙ
1115 562 1122 575 ·
1211 561 1218 575 ¹

266 571 444 652 prudenter.
468 569 548 657 Nam¹
575 567 611 626 de
640 587 670 625 re
690 567 840 641 minima,
869 583 960 656 quam
987 580 1054 625 cum
1083 563 1147 625 alre
1168 577 1235 704 rpus

264 652 441 722 contrahat,
471 664 611 708 continuo
647 646 769 706 Tabula
797 645 1016 718 conficiuntur,
1044 663 1147 725 eaque
1191 663 1234 705 rus

162 749 172 757 ’
266 729 426 792 certissimis
448 725 703 815 subscriptionibus.
720 726 883 806 signantur.
905 724 1002 794 Hujus
1023 744 1093 786 vero
1115 723 1235 785 Ciuica·

265 811 304 871 tis
325 808 471 882 donatio,
492 808 522 866 in
543 824 602 887 qua
624 825 719 880 omnis
741 806 836 867 nollra
857 803 995 866 nobilitas
1015 803 1176 877 consistit,
1202 802 1235 863 fi·

265 911 303 950 ne
333 888 388 949 suis
417 886 540 947 Tabulis
568 884 782 959 constituetur,
811 884 1006 959 conficietur,
1039 881 1234 964 transigetur?

266 963 409 1045 Quadam
439 964 535 1026 officia
565 964 655 1038 sunt,
675 965 821 1040 judices,
849 962 1009 1044 inquibus
1037 977 1163 1024 tantum
1183 985 1234 1026 no·
1272 1001 1273 1012 κ

264 1049 309 1110 bis
328 1049 395 1127 -ipsrs
416 1044 579 1116 studemus3
601 1043 733 1124 quaedam
755 1047 854 1116 etiam,
878 1044 907 1103 in
951 1043 1033 1105 uibus
1046 1045 1234 1120 ¹noslris,‚ut·

265 1148 323 1209 que
343 1121 414 1187 adeo
437 1125 554 1206 posteris
577 1123 680 1185 reulus
702 1125 905 1205 prospicimus.
947 1145 981 1212 ,x
1002 1121 1159 1203 pollremis
1177 1123 1235 1186 noc

264 1206 410 1289 quidem,
431 1205 509 1288 quod
530 1205 565 1265 de
585 1205 715 1265 Ciuitate
736 1205 884 1277 dicimus,
914 1202 1036 1265 minime
1057 1202 1233 1284 postremum
1272 1236 1273 1259 t

263 1286 319 1346 ell.
350 1286 469 1365 Magna
497 1283 615 1366 quidem
645 1284 671 1344 ei
695 1284 808 1344 homini
839 1281 909 1344 volu
931 1283 987 1343 tati
1007 1283 1078 1358 est,
1110 1282 1250 1364 quisue·

263 1368 375 1427 virtute
394 1363 592 1438 nobilitatur,
622 1365 731 1445 quique
751 1362 886 1425 omnibus
909 1302 1067 1434 lionoribus
1088 1363 1234 1439 tollitur,

264 1463 353 1526 atque
381 1443 507 1505 allicitur
528 1465 547 1519 ;7
565 1464 666 1505 verum
698 1465 764 1504 cum
786 1461 820 1503 ea
840 1442 901 1520 ipsa
920 1442 1016 1523 gloria
1035 1442 1097 1514 ejus
1121 1442 1232 1524 generis

265 1515 395 1604 ell,quae
415 1544 482 1584 cum
502 1523 620 1605 polletis
641 1524 889 1596 communicetur,
906 1543 940 1584 ac
962 1522 1041 1603 quasi
1060 1523 1126 1594 villis
1144 1522 1233 1585 lumi·

204 1663 207 1669 ,
268 1617 306 1664 ne
323 1603 374 1665 suo
391 1603 477 1684 longe
494 1604 662 1683 praeluceat,
678 1620 766 1684 acque
783 1602 820 1662 ad
841 1600 982 1684 reliquam
1000 1602 1119 1664 laudem
1136 1618 1234 1684 pateu-

264 1685 371 1744 tiorem
401 1683 514 1744 aditum
536 1682 675 1772 aperiat,
706 1703 740 1743 ea
762 1682 875 1742 summa
903 1683 1037 1745 omnium
1067 1684 1249 1769 voluptas,¹

263 1764 296 1824 ἃ
315 1762 410 1844 gloria
431 1761 487 1822 est.
507 1758 589 1837 Qum
610 1779 692 1823 tanta
712 1763 758 1823 vis
772 1762 812 1822 est
831 1762 988 1837 Caritatis,
1007 1779 1153 1845 tantaque
1167 1783 1232 1825 con·

263 1832 424 1914 iunslionis
452 1842 569 1921 pietas,
598 1858 630 1902 ut
652 1842 738 1902 multi
769 1844 904 1904 Parentes
933 1844 1064 1922 optarint
1096 1842 1232 1905 miseram

264 1922 360 1982 vitam
382 1940 482 2001 agere,
499 1919 588 1982 modo
609 1923 733 2001 posteros
751 1920 820 1984 suos
831 1922 862 1981 in
883 1922 984 2004 aliquo
1003 1923 1231 2003 dignitatisgra·

266 1994 307 2061 du
328 1999 537 2082 relinquerent.
567 1999 608 2062 Et
628 1998 678 2061 hic
703 2021 737 2061 ea
759 2015 819 2073 non
841 2001 979 2077 vidisset,
1008 2023 1072 2083 quae
1094 2002 1147 2065 vel
1163 2002 1234 2062 insa·

265 2071 417 2141 nilsrmum
440 2079 589 2154 hominem
612 2081 733 2141 minime
754 2078 1001 2162 sugere-possent?
1030 2082 1127 2159 auruli
1150 2069 1234 2144 vidis·

265 2150 336 2234 set,
358 2176 419 2220 tarn
441 2159 547 2240 impius
568 2157 684 2235 suisset,
706 2161 759 2242 qui
780 2181 829 2242 per
850 2162 877 2230 se
897 2162 933 2222 ad
955 2162 1018 2239 suos
1040 2161 1173 2241 posteros
1190 2181 1235 2224 ve·

265 2237 353 2303 stram
377 2239 539 2300 Civitatem
563 2240 711 2320 pervenire
733 2239 884 2301 noluisset?
907 2241 993 2313 Nulli
1014 2236 1134 2304 homini
1156 2286 1166 2316 ‚
1187 2241 1235 2324 qui

267 2319 390 2387 alicujus
410 2310 443 2380 lit
465 2319 596 2395 mentis,
618 2319 673 2398 hoc
695 2340 847 2401 umquam¹
860 2320 1056 2400 probabitur,
1087 2322 1167 2383 milri
1191 2341 1234 2383 vr·

265 2416 301 2459 ro
321 2399 452 2459 omnium
475 2399 614 2460 minime.
638 2402 679 2461 At
700 2399 781 2460 saslae
804 2400 870 2461 sunt
885 2401 1025 2472 Tabulae3
1048 2401 1133 2478 nihil,
1152 2403 1185 2464 in
1203 2401 1235 2463 i'n

266 2471 352 2540 nobis
384 2477 552 2545 defuimus3
581 2479 627 2540 sed
656 2479 821 2553 incendio,
852 2480 931 2559 quod
953 2481 1103 2543 Heraclea
1125 2479 1234 2558 fabium

267 2557 338 2633 est,
366 2547 470 2619 Italico
491 2558 568 2619 bello
599 2559 760 2637 perierunt.
793 2551 892 2622 Audio
914 2562 993 2621 enim
1014 2561 1084 2623 istos
1105 2562 1151 2637 ‘ad
1175 2583 1234 2642 par·

267 2657 338 2696 vam
359 2639 515 2718 quamdam
538 2637 710 2716 flammam,
729 2658 793 2717 quae
815 2640 1000 2714 aTabulario
1023 2641 1078 2702 illo
1102 2638 1248 2722 longissr·'

267 2735 316 2775 me
338 2716 465 2775 extinsla
484 2716 548 2788 ell,
577 2717 628 2776 elle
649 2709 861 2797 confugituros.
893 2720 972 2792 Quid
1002 2721 1025 2793 sr-
1044 2742 1103 2797 ego
1121 2742 1231 2802 mega,

267 2786 398 2854 Tabulas
420 2794 483 2854 illas
505 2794 577 2854 ullas
599 2797 732 2857 incendio
754 2797 805 2857 esse
825 2799 941 2860 consum
965 2799 1029 2860 tas?
1052 2801 1116 2862 Fac
1137 2822 1187 2863 me
1206 2814 1231 2862 a·
1268 2832 1274 2869 t

266 2872 409 2955 liquando
431 2869 518 2954 paulo
540 2875 702 2954 graviorem
725 2877 794 2947 juris
816 2878 906 2953 Patrii
934 2820 1129 2950 clisensorem.
1161 2881 1191 2943 Si
1209 2900 1230 2941 a·
1263 2911 1274 2950 a

289 2972 333 3028 o,
355 2953 502 3034 inquam,
525 2974 645 3034 negem,
677 2955 750 3016 ullas
772 2957 902 3029 Tabulas
923 2979 957 3019 eo
977 2960 1118 3022 incendio
1142 2959 1231 3041 perlis·
1260 2989 1269 3051 q

264 2973 314 3106 fia,
337 3033 388 3112 qui
410 3033 439 3092 id
461 3020 510 3112 ips
535 3032 688 3172 probabis?
715 3036 790 3112 Quis
810 3058 857 3098 eas
878 3038 1008 3113 Tabulas
1025 3040 1055 3100 in
1078 3061 1115 3117 eo
1136 3037 1227 3102 Tabu-
1259 3069 1274 3111 n

267 3111 343 3172 lario
366 3110 445 3185 fuisse
466 3114 535 3175 testa
555 3111 631 3174 itur?
654 3115 728 3190 Quis
751 3116 782 3189 se·
799 3138 846 3177 eas
867 3118 967 3180 vidisse
990 3119 1088 3181 dicet?
1110 3120 1169 3182 Sed
1187 3139 1226 3181 m·
1258 3130 1274 3192 li

268 3212 326 3283 que
349 3193 403 3252 hoc
423 3188 518 3266 facio,
542 3213 578 3253 ne
598 3193 634 3254 ab
657 3214 690 3272 ea
711 3196 872 3277 acquitate,
901 3219 990 3281 quam
1013 3199 1070 3263 tibi
1093 3199 1161 3277 sum
1181 3197 1224 3261 inl
1258 3213 1274 3270 ri

269 3287 314 3332 tro
335 3270 507 3352 pollicitus,
529 3273 650 3354 usquam
671 3274 830 3349 discedam.
851 3279 951 3351 Unum
975 3299 1045 3341 vero
1067 3280 1101 3342 id
1122 3300 1185 3343 non
1201 3298 1223 3340 u
1257 3308 1274 3351 ρ

269 3353 386 3424 mitto,
407 3367 440 3412 ut
460 3372 606 3432 quaram,
629 3353 648 3413 s1
669 3355 790 3434 publica
811 3355 932 3418 Tabulae
943 3358 1078 3421 incendio
1100 3359 1222 3422 consum*
1257 3367 1274 3431 b

269 3446 327 3510 ptae
344 3423 505 3511 sunt,quid
524 3449 578 3492 tua
589 3433 726 3512 privata?
749 3437 833 3498 Num
850 3455 1012 3519 eaquoque
1029 3460 1100 3501 cum
1110 3436 1222 3520 publici
1257 3447 1274 3508 lt

269 3509 335 3569 sunt
352 3503 548 3571 concremata?
557 3514 639 3572 Num
649 3530 704 3574 tuae
719 3535 837 3596 quoque
847 3517 877 3575 in
887 3538 921 3577 eo
930 3517 1092 3579 Tabulario
1100 3519 1221 3595 adserva·
1255 3524 1274 3588 i]

268 3587 392 3650 bantur?
410 3586 490 3650 Nam
507 3611 572 3666 cum
591 3592 619 3653 id
629 3594 717 3654 moris
735 3595 829 3668 sit,ut
844 3612 944 3674 prater
951 3597 1082 3677 publicas
1091 3597 1163 3660 Tab

269 3670 390 3747 priuata
411 3670 499 3731 etiarn
509 3669 628 3731 Tabulae
650 3673 876 3752 signentur,iis,
898 3677 949 3756 qui
966 3676 1009 3745 jus
1027 3677 1173 3740 Civitatis
1209 3673 1229 3723 ·'
1255 3685 1274 3748 ξ

268 3746 452 3829 sequuntur,
481 3767 544 3828 tuas
564 3751 713 3831 proseras3
743 3752 872 3833 publicas
888 3754 1075 3837 consumptas
1106 3777 1169 3820 non
1189 3773 1223 3839 tp
1255 3784 1274 3844 p

268 3831 379 3913 quiro.
399 3829 485 3907 Quod
505 3850 573 3892 cum
594 3851 654 3892 non
674 3829 744 3893 sacis
761 3874 771 3907 ‚
791 3833 910 3916 indigne
929 3833 1024 3913 facis,
1053 3838 1109 3920 qui
1132 3842 1220 3928 poam
1255 3847 1273 3907 e

1022 3934 1190 4014 ⁴‘Ilua
