3000 4559
453 304 468 343 b

538 464 948 531 ORATIONES.
1139 480 1193 544 105

270 541 433 607 Historiam
455 558 605 604 contexere
628 541 728 605 videar
744 543 845 684 ipim
874 545 987 605 interea
1014 543 1114 606 multis
1139 545 1168 606 in
1190 544 1233 607 lo-

271 627 309 687 cis
343 620 457 703 varia[
482 638 513 685 ut
535 622 565 683 in
586 622 667 684 rebus
688 622 721 684 fit
780 623 854 684 ilicis
877 623 888 704 ]
910 623 1031 685 vidioria
1059 625 1235 703 pugnasset,

272 703 394 766 tandem
410 701 593 764 Eorboneum
622 703 652 763 in
672 702 858 764 Provinciam
877 723 943 765 cum
964 703 1091 764 exercitu
1118 704 1176 765 itru
1198 702 1232 764 is-

275 784 329 858 se,
359 779 576 863 Massiliamque
598 799 696 856 terra,
734 784 808 845 mari
832 803 866 843 ue
894 780 1029 844 omnibus
1058 725 1233 844 militaribus
1292 812 1296 819 ·

272 860 419 925 machinis
443 877 611 943 oppugnare
627 863 738 942 coepisle
754 803 939 944 inteiligens,
961 861 1078 935 statim,
1093 881 1164 942 quas
1181 881 1233 942 po·

273 944 358 1018 tuit,
371 940 468 1022 copias
483 941 616 1082 coffiffit’
638 958 727 1022 atque
746 962 815 1005 enm
832 942 884 1004 hae
905 960 987 1005 tanta
1007 939 1152 1003 eeleritate
1169 941 1235 1001 Me·

273 1021 425 1085 diosattum
447 1038 551 1084 conten
572 1022 615 1095 it,
645 1040 679 1084 ut
699 1023 796 1085 multo
818 1021 928 1087 hostem
949 1020 1157 1097 anteveniret,
1178 1021 1233 1082 Ur·

271 1103 413 1185 bemque,
431 1121 494 1183 quae
516 1100 560 1163 illi
582 1101 754 1182 jampridem
773 1101 929 1178 defecerat,
950 1103 1055 1167 iterum
1077 1101 1231 1181 reciperet.

272 1181 398 1245 Audistis
422 1200 561 1263 umquam
589 1177 697 1244 latium
726 1182 869 1265 Scipionis
888 1180 1019 1245 Africani
1039 1179 1116 1243 fatto
1136 1179 1231 1262 magis

273 1260 391 1325 sim-iles
411 1280 479 1322 cum
500 1260 678 1323 Annibalem
700 1264 732 1325 in
752 1261 841 1325 Italia
861 1262 1026 1344 relinquens
1044 1261 1075 1321 in
1096 1257 1232 1324 Africam

272 1341 399 1417 traiecit,
419 1340 710 1421 &Carthaginenses
730 1343 859 1434 primum
881 1358 914 1405 ut
935 1362 968 1402 ex
991 1340 1080 1402 ltalia
1100 1340 1232 1403 Anniba*

271 1422 325 1484 iem
347 1420 470 1483 domum
492 1440 676 1497 revocarent,
696 1423 852 1497 deinde,eo
873 1421 969 1494 vilio,
993 1441 1025 1481 ac
1048 1418 1160 1500 fugato,
1181 1421 1231 1484 de·

254 1499 412 1565 'ditionem
435 1500 525 1562 faeere
545 1520 659 1592 cogeret
677 1499 687 1561 l
708 1504 738 1561 Ο
761 1501 885 1563 alterum
906 1500 1095 1580 Scipionem,
1116 1499 1169 1561 nist
1189 1516 1232 1563 et·

271 1581 326 1644 iam
348 1581 403 1642 illo
424 1597 509 1642 tanto
530 1601 695 1657 maiorem,
724 1599 837 1665 quanto
857 1581 887 1641 in
908 1578 1088 1642 conficiendo
1110 1581 1230 1660 negotio

272 1658 462 1724 celeriorem?
492 1662 521 1720 Ο
551 1659 660 1727 saltum
688 1681 853 1744 numquam
875 1660 942 1722 satis
962 1659 1098 1722 omnibus
1120 1659 1162 1719 sin
1185 1661 1230 1721 uie

270 1741 521 1814 commendatum,
550 1762 610 1824 quo
630 1763 689 1805 non
708 1742 803 1804 solum
824 1760 927 1831 parurn
949 1741 1095 1802 munitam
1117 1740 1160 1801 Ur
1197 1759 1228 1801 nn

270 1820 331 1883 Rex
353 1819 450 1882 absens
474 1836 584 1884 tutatus
600 1821 655 1897 ess,
677 1836 886 1885 verumetiam
912 1820 987 1882 hosii
1005 1817 1228 1894 Me'diolanutn,

270 1899 390 1973 boccst,
412 1900 616 1982 stasiaecnput,
638 1903 764 1964 ademit.
786 1904 830 1963 Ac
850 1900 934 1963 mislo
956 1900 1128 1964 Mediolano
1146 1900 1230 1963 Tici-

269 1998 339 2042 num
361 1979 488 2041 hostesse
509 1983 668 2061 recipiunt.
689 1983 889 2064 Hicquoque,
907 1980 1068 2041 Mediolani
1085 1979 1168 2041 rebus
1185 1999 1228 2042 re·

270 2059 313 2121 tte
334 2059 516 2131 constitutis,
535 2061 678 2122 Ticinum
695 2081 762 2121 cum
779 2061 860 2121 omni
881 2061 1007 2120 exercitu
1023 2058 1229 2139 proficiscitur.

270 2138 347 2201 Cum
368 2156 467 2200 autem
489 2139 688 2199 viUrbemca
724 2160 754 2199 re
770 2157 830 2199 non
885 2139 953 2211 sier,
972 2139 1140 2207 omniaejus
1158 2158 1231 2199 moe·

267 2220 318 2281 nia
339 2220 466 2295 exercitu
487 2219 680 2290 circumdat,
725 2237 821 2277 cuna
856 2235 903 2293 pe,
918 2233 963 2276 ut
981 2232 1035 2285 aut
1050 2215 1133 2275 illam
1154 2215 1232 2277 fame
1273 2246 1287 2263 -

267 2298 304 2359 ad
325 2294 504 2359 deditionem
524 2295 709 2375 compellat,
739 2311 791 2356 aut
820 2294 928 2353 hostem
958 2293 993 2353 ad
1014 2313 1143 2374 pugnam
1165 2312 1230 2356 tan·

268 2376 341 2438 dem
358 2375 477 2444 eliciat,
497 2392 622 2455 quorum
641 2374 765 2453 alterurn
781 2373 894 2436 evenit.
916 2369 1009 2433 Erum
1031 2373 1056 2434 it
1072 2372 1150 2434 enim
1166 2388 1227 2437 tan·

265 2452 333 2516 sem
357 2474 393 2515 ex
417 2451 492 2514 Urbe
517 2453 622 2516 hostis.
650 2453 728 2515 Cum
749 2473 784 2517 eo
804 2451 934 2515 diluculo
955 2451 993 2511 V.
1075 2453 1231 2516 Martiae

266 2552 372 2597 manus
392 2532 567 2609 conseritur,
589 2549 727 2616 tantaque
746 2533 797 2608 vi,
819 2548 908 2614 atque
928 2531 1020 2594 animi
1039 2534 1236 2597 contentione.

267 2630 306 2751 pu
329 2630 443 2687 natur,
473 2629 505 2674 ut
526 2614 656 2693 peaedrac
676 2631 783 2676 caeterae
803 2632 908 2695 pugnae
928 2632 1075 2674 armorum
1095 2614 1229 2695 quaedatn

279 2635 378 2757 mirera
397 2691 476 2755 fuisse
500 2692 591 2755 videri
613 2693 735 2774 poslmt.
759 2691 802 2764 Hi
819 2712 871 2773 pro
887 2692 1035 2774 imperio,
1055 2693 1101 2755 illi
1115 2713 1168 2774 pro
1185 2694 1227 2757 sa-

269 2766 331 2837 lute
338 2772 533 2836 contendunt.
550 2772 693 2856 Utrinque
702 2772 790 2836 cades
800 2770 834 2835 sit
843 2773 988 2836 maxima.
1006 2773 1136 2849 Pedites,
1183 2774 1225 2836 ui·

268 2852 719 2943 tesaequessrenueremgerunt3
739 2873 832 2944 neque
840 2852 1098 2916 Rethanciscusi
1120 2852 1175 2915 sefi
1195 2855 1235 2930 i,

269 2946 302 2994 ac
323 2931 380 2994 suis
398 2933 429 2995 in
455 2948 538 2994 tanto
555 2952 650 2994 rerum
675 2933 839 2995 discrimine
856 2933 1016 3015 quidquam
1032 2873 1120 2995 decli)
1116 2954 1126 3003 3
1148 2933 1179 2995 in
1197 2954 1226 2994 e·

269 3024 326 3090 quo
353 3013 386 3073 ia
407 3031 508 3072 omnes
537 3029 629 3090 partes
655 3011 835 3083 concursat,
870 3012 920 3073 ubi
947 3012 995 3072 sua
1020 3010 1169 3101 praesentia
1192 3033 1226 3073 o·

269 3102 322 3175 pus
341 3090 404 3165 cst,
431 3090 502 3151 illuc
519 3090 665 3159 advolar3
687 3104 722 3151 ut
746 3092 782 3151 iis
806 3090 903 3151 locum
921 3090 1062 3164 restituit,
1083 3089 1160 3164 alio,
1177 3090 1236 3153 ubi'

271 3168 346 3231 rtem
371 3168 531 3250 periculum
554 3167 657 3231 instare
677 3167 774 3244 videt,
795 3168 944 3241 accurrit,
961 3186 1028 3229 eum
1052 3188 1146 3250 neque
1168 3170 1238 3250 ipse,

269 3242 378 3313 interea
396 3269 415 3310 a
434 3268 534 3330 pugna
554 3248 609 3310 sese
630 3265 770 3330 uinquam
787 3246 956 3310 abstineret.
978 3247 1141 3324 Postremo,
1156 3249 1228 3312 dum

270 3330 372 3391 acriter
405 3328 497 3391 bolies
531 3344 639 3409 urget,
671 3347 761 3409 equus
789 3327 817 3387 ei
847 3326 1028 3402 suffoditur,
1057 3327 1093 3390 ad
1123 3344 1228 3393 terram

268 3406 355 3471 ambo
369 3409 561 3481 concidunt3
588 3427 655 3471 cum
678 3408 743 3469 Rex
765 3423 864 3470 tamen
888 3407 932 3467 ita
954 3406 1039 3487 pedes
1063 3406 1176 3472 fortiter
1192 3410 1235 3473 se·

263 3486 453 3561 defenderet,
477 3505 510 3550 ut
534 3488 659 3564 onmia,
681 3505 745 3569 quae
768 3507 786 3548 a
807 3484 959 3551 fortissimo
988 3486 1063 3550 Viro
1085 3486 1148 3550 fieti
1173 3489 1224 3553 so-

264 3560 355 3642 lent,
380 3567 472 3648 magis
496 3587 549 3649 pro
573 3567 684 3658 gloria,
708 3585 800 3649 quam
820 3585 878 3706 lpro
901 3563 1008 3641 salute,
1028 3569 1224 3650 experiretur,

263 3646 385 3707 tandem
406 3667 424 3706 a
446 3646 500 3708 suis
520 3647 698 3722 destitutus,
722 3668 740 3709 a
766 3666 817 3708 mu
830 3645 955 3707 titudine
972 3663 1069 3710 autem
1095 3648 1222 3711 hostium

264 3725 485 3801 circumdatus,
511 3744 598 3810 atque
621 3727 763 3808 oppressus
788 3724 900 3788 fortiter
915 3727 1072 3817 pugnando
1097 3730 1225 3809 capitur.

263 3799 397 3881 Videte,
418 3804 532 3888 queso,
553 3806 624 3888 quid
647 3827 703 3889 ego
726 3806 758 3868 in
784 3805 897 3869 summa
919 3805 1003 3880 huius
1016 3809 1121 3889 ‚Regis
1137 3808 1223 3867 laude

1132 3900 1182 3966 l·
1287 3936 1353 4062 ι
