3000 4559
352 590 358 597 .
497 536 959 598 'nuntiorum
1142 543 1182 618 67

251 612 329 697 ipsos
351 615 526 681 nominatim
546 616 706 691 hortatur,
736 632 770 678 ut
799 616 832 677 io
854 637 914 678 rem
935 616 1064 691 strenue,
1083 640 1116 682 ac
1135 619 1220 684 fotri-

250 710 296 757 ter
317 695 515 774 incumbant,
537 696 696 761 vitiorium
718 693 778 756 illis
800 713 909 758 certam
930 699 1085 777 proponit,
1124 721 1219 763 arum·

250 790 308 859 que
331 775 437 852 abesse,
457 780 531 860 quin
552 776 644 838 hostes
666 793 749 857 terga
768 792 912 851 vertant,
934 776 1079 839 summam
1135 780 1166 840 lli
1187 783 1219 843 in

249 872 285 917 eo
305 857 405 937 praelio
419 856 490 932 elle,
511 879 546 921 ex
563 856 643 925 cuius
662 854 789 917 villoria
806 855 860 917 stnt
878 856 971 918 secum
993 857 1091 938 pollea
1117 859 1219 921 trium·

249 932 396 1015 plraturi,
425 934 630 1008 demonstrat,
653 933 787 1076 huncpue
807 934 950 1016 postremo
970 937 1049 999 diem
1095 955 1222 1001 uantum

248 1012 371 1153 puisque
392 1018 481 1078 armis
502 1017 533 1078 in
556 1013 683 1090 hostem,
705 1012 725 1075 fi
746 1031 894 1090 cautem,
915 1036 949 1077 ac
964 959 1171 1081 benevolentia
1186 1021 1219 1083 in

261 1094 408 1170 evaleat,
428 1097 657 1159 declaraturum.
679 1095 754 1171 Quis
776 1111 840 1157 tum
866 1112 969 1158 eorum
991 1098 1080 1159 etiam
1100 1095 1217 1180 fugiens

250 1170 281 1233 in
296 1176 430 1257 praelium
447 1197 508 1237 non
525 1191 650 1237 recurret
666 1172 832 1237 ardentius?
853 1174 918 1258 quis
941 1174 1025 1239 sortis
1042 1198 1100 1240 non
1120 1176 1217 1241 multd

248 1252 339 1337 etiam
356 1253 460 1317 fortior
478 1254 547 1316 fiet?
570 1256 636 1337 quis
654 1253 781 1330 saucius,
802 1271 891 1336 atque
908 1258 1066 1336 pugnando
1081 1256 1217 1336 defessus,

248 1348 309 1395 non
326 1334 447 1416 integris
465 1335 594 1410 viribus,
612 1354 669 1395 non
688 1332 893 1395 tecentiffimus
910 1334 1063 1397 reddetur!
1080 1338 1218 1412 Quorum

249 1408 271 1473 fi
293 1413 372 1475 nihil
390 1414 486 1488 adfrt,
513 1415 568 1476 hoc
586 1413 641 1487 est,
662 1413 681 1473 st
702 1414 767 1474 Rex
785 1412 874 1487 absit,
897 1414 1081 1475 meticulosus
1097 1434 1157 1476 non
1174 1417 1217 1479 so-

249 1484 311 1555 lunt
338 1512 399 1553 non
423 1494 589 1574 pugnabit,
609 1492 672 1566 sed,
690 1506 724 1552 ut
748 1493 878 1572 primum
894 1490 1016 1555 facultas
1032 1494 1166 1569 dabitur,
1188 1498 1217 1559 se

248 1566 308 1653 [ut
318 1570 421 1633 leviter
438 1573 553 1655 dicam]
577 1570 851 1652 recipiet,otdinem
860 1570 1109 1654 destituet,atque
1118 1577 1219 1639 omnia

251 1649 455 1713 eonturbabit.
478 1652 594 1726 Fortis,
612 1672 644 1712 ac
660 1650 762 1732 gloriae
775 1651 900 1732 cupidus
916 1652 1004 1714 etiarn
1022 1654 1067 1716 Re
1089 1654 1099 1714 i
1122 1653 1221 1717 absen-

251 1726 274 1790 ‘ti
283 1728 384 1811 suapte
395 1732 511 1812 sponte,
529 1749 617 1814 arque
635 1734 745 1793 virtute
762 1731 864 1792 omnia
879 1731 1038 1812 praestabit,
1069 1733 1103 1795 ed
1121 1735 1216 1799 multo

252 1818 348 1871 tamen
374 1809 492 1887 lortius,
514 1828 601 1896 atque
627 1809 775 1873 valentius
801 1812 830 1871 in
856 1830 956 1894 pugna
979 1812 1007 1874 se
1023 1812 1154 1894 gesserit,
1175 1814 1216 1893 st,

252 1887 298 1950 luo
322 1888 499 1973 Imperatore
522 1892 604 1973 Rege
620 1891 760 1971 pugnarit
779 1890 940 1971 spedlante,
961 1909 1050 1975 atque
1067 1894 1143 1957 sein
1160 1914 1214 1977 pu-

253 1984 337 2059 gnam
364 1970 513 2033 hortante:
535 1971 679 2053 illumque
705 1991 815 2051 equum
840 1970 1025 2047 imitabitur,
1041 1973 1092 2055 qui
1111 1982 1216 2036 natura'

254 2064 281 2109 in
297 2047 379 2112 cursu
395 2050 522 2112 maxime
539 2050 697 2126 incitatus,
717 2050 737 2109 fi
763 2066 862 2111 tamen
888 2048 1046 2113 calcaribus
1063 2053 1152 2114 etiam
1171 2054 1215 2114 in·

253 2124 367 2205 citetur,
383 2131 479 2192 multo
488 2130 614 2192 velocius
632 2148 770 2210 campum
789 2128 981 2191 transmittet.
1000 2128 1053 2190 Sed
1093 2132 1213 2193 uoniam

255 2200 365 2270 fortuna
386 2209 563 2272 inomnibus
583 2206 685 2281 rebus,
706 2207 860 2288 praesertim
882 2224 980 2268 autem
999 2210 1029 2268 in
1037 2151 1215 2289 bellicis,do·¹

254 2284 397 2363 tlrinatur,
419 2288 503 2348 nulla
523 2287 648 2348 vilioris
664 2301 727 2347 tam
743 2284 895 2367 explorata
904 2286 962 2359 est,
985 2306 1074 2365 quant
1092 2286 1216 2365 vidiori,

255 2360 382 2443 fivolet,
403 2367 513 2447 eripete
529 2385 588 2427 non
607 2363 710 2444 poffit.
730 2364 763 2423 Si
786 2384 856 2423 vero
875 2364 930 2423 ini
954 2364 985 2425 so
1002 2363 1140 2445 confliliu
1157 2362 1219 2428 tale'

253 2446 317 2535 quid
346 2445 499 2522 acciderit,
520 2445 621 2526 praesto
643 2444 708 2504 Rex
733 2441 828 2518 adest,
850 2443 902 2524 qui
927 2383 976 2504 iria
992 2442 1146 2525 prudentia
1162 2444 1217 2508 sta·

252 2532 300 2585 tint
330 2525 375 2587 illi
392 2540 638 2607 occurrat,arque
654 2522 732 2598 alio,
748 2524 932 2613 atqueetiant
952 2523 1098 2585 interdum
1116 2525 1147 2584 in
1164 2522 1217 2587 lto·

255 2601 298 2666 tes
326 2605 336 2666 i
361 2605 422 2680 sos,
446 2604 520 2667 illud
543 2617 713 2673 convertat3
735 2619 767 2663 ut
790 2623 821 2662 tn
838 2623 872 2665 eo
889 2601 982 2679 bello,
1003 2604 1082 2687 quod
1106 2604 1215 2668 Tullus

254 2626 379 2747 merliu
401 2682 554 2761 Veientes,
577 2700 665 2767 atque
687 2681 843 2745 Fidenates
864 2681 966 2764 geffit,
987 2683 1212 2766 comprobatum

255 2762 309 2826 et.
329 2766 411 2826 Nam
433 2786 501 2828 cum
523 2765 555 2826 in
578 2762 676 2826 medio
696 2763 797 2844 praelio
815 2762 879 2825 Rex
902 2763 1045 2840 audillet,
1067 2762 1212 2828 Sufetiunt

255 2836 276 2903 le
294 2843 473 2925 prodidisse,
500 2861 589 2926 atque
611 2864 677 2907 curn
708 2843 764 2904 luis
793 2842 884 2923 copiis
906 2838 941 2906 ad
964 2844 1057 2906 holles
1081 2844 1210 2923 tanfisse,

253 2922 384 2987 onunuo
406 2922 464 2986 suis
485 2925 546 2985 alta
565 2944 659 2999 voce,
688 2932 722 2983 ut
744 2922 833 2983 etiam
856 2923 948 2984 hostes
971 2924 1129 2997 audirent,
1152 2924 1214 2987 cla*

253 3004 358 3066 mevit:
380 3002 466 3063 nolite
486 3005 578 3062 timere
592 3024 670 3081 ,rego
690 3003 830 3080 tufeium
849 3025 911 3064 cum
926 3001 989 3077 suis
1010 3003 1092 3081 copiis
1112 3024 1140 3058 eo
1161 3003 1213 3060 nri-

248 3079 282 3161 fi,
299 3101 334 3145 ut
353 3080 453 3163 hostem
471 3102 489 3140 a
509 3098 580 3171 tergo
600 3081 766 3140 adoriretur.
787 3084 856 3157 Quo
878 3082 995 3155 audit0,
1018 3081 1075 3140 suis
1092 3079 1209 3141 animus

251 3162 373 3227 ledditus
395 3158 460 3238 est,
482 3156 557 3222 hostr
579 3178 649 3221 vero
671 3172 765 3218 metus
787 3178 847 3219 non
868 3176 973 3238 parvus
995 3154 1117 3227 injeuus
1137 3176 1146 3226 3
1166 3175 1210 3220 at·

249 3242 300 3327 q'ue
322 3244 366 3306 ita
388 3240 457 3304 hinc
477 3239 592 3302 fortiter
633 3236 795 3318 ugnando,
826 3234 908 3298 illinc
930 3236 1032 3312 lente,
1054 3256 1086 3296 ac
1108 3235 1211 3319 timide

278 3322 374 3400 endo,
396 3323 549 3384 Romanus
572 3257 727 3380 villotiam
747 3335 777 3376 re
817 3316 908 3377 ttavit
926 3336 936 3386 3
957 3334 1017 3396 quo
1038 3316 1213 3397 temporeli

248 3338 308 3469 lgm
329 3398 489 3478 abfuisset,
518 3418 561 3461 res
583 3398 720 3477 Romana
741 3415 776 3457 co
790 3392 867 3475 lapsa
887 3391 1002 3456 fuisset.
1025 3397 1129 3487 Neque
1149 3418 1208 3460 ete·

248 3482 372 3551 lendum
393 3480 450 3557 est,
473 3478 671 3543 Alexandrum
689 3492 734 3538 tor
752 3475 873 3555 Regna,
894 3491 941 3536 tot
961 3477 1127 3557 provincias
1144 3494 1213 3540 tam·

248 3558 326 3631 'acite
348 3580 449 3643 capere
492 3560 610 3634 otuille,
633 3554 685 3618 nisi
707 3554 766 3637 ipse
787 3573 846 3615 rem
865 3554 945 3617 suam
965 3574 1065 3637 gerens
1082 3552 1113 3618 in
1129 3554 1212 3621 bello*

248 3643 426 3709 *ontinenter
447 3580 583 3701 aluisset.
605 3635 679 3698 Aris
689 3634 806 3700 tandem
828 3656 942 3697 ueneno
962 3654 980 3696 a
1001 3634 1057 3699 suis
1077 3634 1212 3700 sublatus

248 3718 295 3788 ll.
318 3724 363 3784 At
380 3720 409 3782 id
430 3719 509 3780 domi
547 3739 585 3781 uo
608 3738 642 3779 ue
664 3717 708 3778 illi
728 3716 854 3778 accidere
870 3731 999 3797 poterat.
1018 3718 1092 3779 Non
1107 3720 1216 3796 enim,-

248 3801 320 3889 [uod
341 3801 378 3863 ad
401 3799 511 3862 bellum
525 3739 571 3860 (lui
596 3815 624 3860 er
642 3842 651 3874 ,
671 3796 744 3860 illud
767 3815 911 3859 venenum
934 3794 983 3878 [st
1007 3797 1133 3859 omnino
1157 3806 1216 3859 ved

248 3904 319 3948 reno
336 3878 458 3967 periit]
480 3878 526 3941 illi
547 3893 749 3961 compararunt
763 3874 849 4016 ,Esed
879 3877 972 3938 nimia
999 3878 1059 3950 eius
1089 3872 1210 3936 Ducunt·

298 3977 317 3991 ··
853 3975 869 4014 2
1120 3971 1164 4013 re·

1305 4018 1335 4080 Ι
