3000 4559
298 478 373 556 ‘156
548 470 799 534 B‘ARTHOL.
828 464 994 551 RICCH
1094 536 1096 545 Ι
1191 537 1195 548 Ι

262 594 270 604 ·
327 557 464 630 Siculus,
494 555 598 636 quiin
620 553 785 614 Civitatem
811 567 942 632 receptus
971 551 1004 611 P.
1016 545 1175 610 Cornelius
1191 550 1228 612 est

264 676 269 687 ι
298 635 384 697 slus.
407 634 519 694 Eodem
536 633 625 696 modo
644 631 735 714 quiin
755 630 863 692 alienas
884 629 1025 692 Familias
1047 628 1230 709 petadoptio-

266 734 345 776 -uem
373 713 530 776 veniebant
548 759 557 788 ,
585 731 686 774 eorum
706 710 818 785 etiarn,
836 730 856 770 a
873 710 986 793 quibus¹
1000 709 1230 788 adoptarentur,

265 814 384 855 nomen
407 791 560 865 serebant,
582 808 614 852 ut
635 792 667 851 in
688 791 718 852 P.
737 789 878 852 Cornelio
897 790 1031 870 Scipione
1051 788 1229 869 posteriore,

267 874 306 943 bt
328 874 360 934 in
388 873 467 945 Julio
486 872 596 933 Casare
623 869 756 952 Augusto
784 870 930 940 ridetur3
959 888 1085 951 quotum
1108 867 1228 930 alteret

276 953 393 1018 nmilia
412 953 443 1013 in
464 952 658 1026 Corneliam,
686 949 760 1012 alter
780 948 964 1010 ex-Oslavia
983 951 1015 1009 in
1035 947 1150 1020 Juliam
1169 947 1228 1010 ado·

297 1049 374 1095 tatus
394 1033 433 1092 est
453 1032 628 1092 Familiam.
650 1030 709 1090 Hic
730 1029 811 1089 enim
831 1029 942 1102 Julius3
963 1028 1013 1089 ille
1035 1047 1107 1090 veto
1130 1029 1231 1090 Come·

276 1053 333 1174 iius
353 1114 392 1174 ell
415 1111 524 1192 semper
544 1109 654 1172 didus.
675 1109 735 1172 Etsr
756 1109 831 1186 scio,
853 1108 1026 1190 superiorem
1048 1107 1166 1169 invidos
1176 1127 1229 1170 ma·

267 1193 321 1274 gis
341 1191 525 1267 Odiavium,
557 1211 645 1273 quam
665 1189 803 1265 Iulium,
825 1187 1004 1270 appellitasle
1022 1208 1033 1260 ;
1054 1207 1122 1249 curn
1144 1188 1175 1249 hi
1194 1204 1231 1249 ta·

275 1291 344 1334 men
364 1271 468 1332 Gentis
488 1291 605 1353 quoque
628 1270 682 1331 sua
697 1289 804 1330 nomen
825 1290 884 1330 non
906 1267 1018 1349 prorsus
1041 1267 1229 1330 amitterent.

268 1349 368 1411 .-nliud
390 1352 469 1410 enirn
499 1372 534 1411 ex
556 1370 590 1411 ea
610 1349 661 1410 fibi
682 1347 844 1410 efficiebant
874 1349 905 1409 in
926 1371 997 1408 anus
1016 1347 1204 1410 terminatum

268 1446 309 1503 ut
331 1429 363 1490 in
385 1429 460 1491 hisce
480 1428 591 1492 duobus
610 1428 789 1569 principibus
812 1429 910 1503 Viris,
931 1430 962 1490 P.
970 1427 1113 1490 Cornelio
1132 1428 1229 1507 Scipio

274 1529 311 1570 ne
332 1511 504 1585 llimiliauo,
525 1509 556 1571 δι
572 1509 608 1581 Ju
622 1512 652 1570 io
671 1508 780 1570 Casare
800 1509 968 1570 Ostaviano
990 1508 1122 1569 cernitur
1139 1527 1149 1580 3
1165 1516 1229 1592 quo·

275 1609 341 1650 tum
363 1591 437 1650 alter
457 1611 491 1650 ex
513 1589 631 1652 AEnrilia
652 1589 842 1651 lEmilianum
861 1609 869 1660 3
900 1587 973 1649 alter
993 1607 1030 1648 ex
1050 1586 1178 1649 Oblavia
1191 1588 1229 1646 Ο·

273 1667 444 1731 &avianum
464 1669 514 1729 srbi
536 1667 742 1730 confecerunt.
773 1668 854 1730 Servi
873 1668 946 1730 item
977 1665 1112 1729 libertate
1132 1665 1227 1749 donatf

275 1768 384 1809 nomen
404 1749 478 1809 Heri
499 1748 543 1810 sui
564 1767 708 1810 unacum
730 1746 863 1809 libertate
885 1749 929 1808 all
958 1746 1127 1809 uebantut:
1147 1763 1178 1808 ut
1190 1747 1226 1806 Ti

278 1827 336 1887 Am
358 1829 402 1888 ius
432 1828 618 1902 Menander,
670 1827 700 1888 ui
723 1826 839 1888 libertus
859 1768 982 1888 fuit‘ql'.
999 1826 1104 1907 Ampii
1124 1825 1226 1887 Balbi·

276 1905 320 1966 ita
369 1921 400 1967 ut
438 1906 543 1982 hides,
586 1907 616 1968 ui
669 1906 813 1968 .Servilio
834 1907 977 1982 servivit,
1020 1907 1050 1967 ui
1074 1905 1227 1967 manumis'

277 1985 323 2046 sus
344 1986 382 2044 T.
425 1985 531 2046 aecilius
580 2003 614 2048 ut
634 1985 731 2049 chides
760 1987 800 2049 est
820 1985 937 2048 dislus.
968 1926 1023 2048 de
1046 1986 1133 2047 redeo
1153 1985 1185 2048 ad
1203 2001 1226 2046 te

270 2063 417 2140 tandem,
440 2065 582 2127 Hercules
628 2066 757 2146 rinceps,
778 2081 865 2148 atque
874 2066 910 2128 ad
919 2083 1004 2128 tuum
1021 2084 1147 2128 nomen.
1166 2065 1224 2126 Hoc

274 2160 375 2205 autent
391 2144 437 2204 isti
457 2145 515 2207 five
535 2145 676 2221 Estense,
706 2147 764 2206 live
785 2146 950 2208 Atestinum
971 2146 1024 2208 elle
1052 2145 1172 2220 velint,
1196 2142 1227 2204 ab

276 2223 376 2285 Ateste
395 2225 517 2305 Oppido
537 2243 682 2308 utrunque
702 2226 756 2290 else
777 2247 837 2288 non
856 2242 989 2306 negant.
1018 2225 1074 2287 Sed
1094 2226 1171 2307 quod
1197 2223 1227 2286 ad

275 2301 393 2365 Estense
418 2305 552 2380 attinet,
582 2306 641 2376 jam
662 2326 722 2367 vox
750 2326 785 2367 ea
805 2327 857 2386 pro
885 2305 1004 2366 barbara
1033 2305 1151 2386 explosa
1168 2303 1226 2366 eli.

275 2383 401 2458 Restat,
423 2401 457 2446 ut
478 2385 654 2460 videamus,
677 2403 774 2446 utrum
797 2385 960 2446 Atestinum
989 2385 1098 2468 [quod
1119 2385 1225 2467 quiden

275 2463 417 2524 Latinum
440 2463 505 2545 est]
527 2485 593 2526 curn
615 2465 742 2525 Familia
772 2482 822 2526 tua
843 2466 998 2526 convenite
1019 2465 1130 2546 poffit3
1158 2462 1224 2546 quod

275 2543 366 2603 nullis
386 2543 547 2604 rationibus
568 2544 629 2606 fieri
653 2545 729 2624 posse
751 2545 853 2605 video.
874 2545 1002 2606 Primum
1024 2546 1106 2606 enirn
1127 2589 1137 2619 ,
1157 2540 1223 2626 quod

274 2641 334 2709 vox
356 2622 504 2695 Atestina,
525 2644 589 2713 quae
612 2644 664 2707 pro
685 2625 790 2685 Gentis
808 2642 863 2685 tua
884 2626 1002 2686 nomine
1022 2627 1158 2707 ponitur,
1179 2623 1223 2682 Fa·

274 2699 436 2760 miliarium
466 2722 620 2764 nominum
649 2705 885 2766 terminationem
917 2706 948 2764 in
969 2707 1028 2764 ium
1048 2703 1222 2766 certissimam

274 2797 337 2838 non
357 2777 467 2840 servat.
488 2782 618 2857 Deinde,
638 2784 717 2865 quod
740 2805 805 2845 curn
828 2784 906 2844 idem
930 2785 1079 2846 Atestinus
1090 2785 1141 2857 srt,
1157 2780 1223 2864 quod

273 2856 305 2919 ἃ
327 2858 484 2920 Patavinus
507 2859 562 2940 [ne
578 2863 665 2943 longe
681 2884 699 2924 a
715 2863 779 2924 loco
801 2864 1005 2946 discedamus]
1034 2865 1067 2925 δι
1083 2861 1225 2924 Vincenti-

274 2956 346 3013 nus,
368 2935 399 2999 δι
414 2939 608 3017 Tarvllinus,
630 2944 729 3004 omnia
745 2943 804 3004 lraec
822 2946 942 3004 nomina
958 2945 1066 3006 Civem
1084 2965 1120 3005 ex
1138 2943 1224 3023 aliqua

273 3037 374 3080 earum
396 3018 496 3095 Urbe,
526 3036 577 3101 aut
597 3021 735 3104 aliquid,
765 3024 843 3105 quod
865 3024 900 3084 ad
929 3024 1036 3085 Urbem
1063 3025 1225 3105 pertineat,

272 3098 386 3238 prorsus
407 3098 596 3180 significant,
617 3117 651 3163 ut
671 3101 708 3161 T.
726 3103 830 3164 Livius
850 3104 1035 3179 Patavinus,
1058 3121 1090 3164 ut
1108 3102 1225 3163 Historia

299 3179 445 3254 atavina,
474 3180 504 3242 ἃ
530 3196 632 3242 caetera
654 3181 699 3243 his
724 3181 852 3244 fimilia.
882 3188 926 3244 Ac
950 3205 986 3244 ne
1012 3204 1030 3244 a
1053 3184 1143 3244 fimili
1166 3188 1228 3243 voce

274 3255 464 3333 aberremus,
493 3257 537 3322 sac
566 3261 643 3321 idem
673 3282 691 3320 a
719 3263 855 3325 Praeneste
888 3263 1093 3324 Praenestinum
1121 3284 1130 3332 3
1189 3257 1228 3321 uid

273 3335 303 3397 id
333 3338 411 3400 aliud
442 3340 520 3415 erit,
551 3359 641 3420 quarn
663 3355 714 3400 aut
743 3341 827 3402 Civis
856 3362 891 3403 ex
920 3344 1059 3405 Praenelle
1087 3282 1229 3422 opido,

273 3417 424 3556 aut‘puod
451 3419 487 3479 ad
510 3419 647 3480 Praeneste
676 3420 835 3483 attineat?
863 3423 893 3484 Si
923 3423 1014 3503 igitur
1044 3425 1088 3484 ita
1110 3362 1175 3495 eli),
1202 3434 1230 3479 nt

273 3495 436 3566 hujumodi
478 3518 584 3559 vocum
627 3499 773 3561 derivatio
804 3502 918 3583 proprie
956 3502 1087 3563 Patriam
1131 3499 1230 3583 fignifi-

275 3589 349 3646 cet,·
378 3594 429 3638 aut
452 3576 563 3657 aliquid
592 3578 628 3638 ad
651 3580 781 3641 Patriam
803 3583 973 3660 pertinens,
1005 3603 1161 3664 nunquam
1189 3601 1229 3642 au

274 3667 333 3714 tem
356 3657 502 3730 Gentem,
521 3672 573 3718 aut
590 3659 768 3732 Familiam,
790 3661 842 3740 qui
860 3662 905 3723 isti
923 3660 1019 3722 dicent
1041 3663 1228 3734 Atestinum,

273 3733 430 3796 Familiam
451 3752 534 3814 tuam
555 3736 733 3801 indicantes?
756 3738 902 3821 Equidem
924 3741 1038 3801 Latina
1055 3742 1227 3822 linguatam

273 3814 372 3877 rudem
393 3814 514 3878 arbitror
534 3818 585 3880 esse
605 3819 779 3895 neminem,
808 3819 860 3902 qui
880 3817 957 3882 idem
979 3820 1010 3884 δι
1026 3822 1163 3884 Patrium
1184 3841 1226 3882 no·

1109 3922 1195 3976 men,
