3000 4559
536 467 976 535 ·crnrrourn
1135 484 1193 555 ne

272 565 301 623 te
323 548 466 635 pertinere
490 548 609 616 senties.
631 549 722 616 Istum
745 553 842 629 enim,
864 568 1007 635 quantum
1027 549 1059 614 in
1079 553 1140 636 ipso
1160 555 1237 630 suit,

272 635 472 714 integritatem
495 649 599 708 tuam,
622 631 860 716 benignissimum
882 633 968 696 istum
990 632 1123 695 animum
1144 650 1227 697 tuum

272 712 301 775 in
323 713 470 776 summum
492 711 580 775 scelus
600 710 712 794 perdite
731 711 894 788 conjecisse,
916 709 1001 775 facile
1023 710 1258 854 intelliges.1‹=

271 792 384 856 sancum
414 793 449 856 de
479 791 563 854 nodie
591 814 609 854 a
640 793 697 854 tuis
728 792 875 856 litioribut
895 792 959 873 capi
979 790 1082 863 jubes.
1144 795 1232 856 mitto

270 889 364 949 nunc,
385 872 463 954 quod
484 873 516 935 in
538 871 598 942 ejus
620 869 776 934 charissimi
793 870 882 935 soceri
903 871 1001 934 funere
1017 871 1149 965 capitur.
1169 873 1233 936 Vix

269 953 348 1016 enim
369 951 407 1015 ab
424 952 504 1015 illius
526 949 671 1032 sepultura
692 949 840 1029 redierat,
860 969 928 1016 cum
948 969 1100 1035 repentino
1121 951 1153 1014 in
1172 972 1235 1014 cat-

270 1050 363 1097 ctrem
376 1034 494 1114 rapitur
511 1073 520 1092 .
540 1032 628 1093 Nihil
649 1050 848 1095 commemoro
868 1032 953 1106 hujus
973 1034 1058 1096 uxori
1081 1029 1234 1113 condupli-

269 1128 367 1175 tatum
388 1111 520 1176 dolorem
542 1155 552 1187 ‚
573 1127 638 1195 quae
658 1130 726 1174 cunr
747 1126 896 1204 parentem
939 1113 1007 1174 aulo
1028 1126 1096 1176 ante
1116 1112 1236 1176 extulis-

268 1190 336 1268 set,
365 1210 444 1255 nunc
466 1192 564 1255 virum
584 1192 689 1256 virum
711 1192 761 1254 sibi
781 1193 860 1275 quali
917 1193 972 1256 etti
993 1193 1130 1256 videret.
1150 1191 1235 1256 Tan·

268 1285 333 1335 tum
363 1270 394 1334 id
422 1271 601 1363 persequor,
628 1268 707 1354 quod
729 1272 828 1344 judicii
856 1273 1007 1353 proprium
1027 1271 1091 1336 este
1118 1270 1234 1334 Hicin

269 1353 368 1434 prima
383 1351 491 1434 vigilia
506 1370 539 1414 tn
547 1368 687 1414 carcerem
704 1352 878 1425 coniicitur3
901 1351 1036 1432 postridie
1043 1368 1129 1414 mane
1137 1366 1181 1414 tet
1200 1351 1234 1414 in

265 1432 376 1514 tulgus
397 1445 530 1493 emanat.
553 1432 704 1494 Continuo
726 1432 802 1496 varii
826 1445 955 1494 tumores
977 1448 1027 1513 per
1047 1431 1157 1494 Urbem
1176 1428 1237 1491 dis·

266 1506 410 1593 ipantur.
432 1511 552 1573 Omitto
567 1510 661 1574 dicere
678 1513 711 1574 in
730 1530 821 1596 quam
838 1528 939 1574 omnes
954 1507 1142 1573 sententiam.
1162 1508 1233 1582 lant

266 1607 366 1667 unus,
386 1590 458 1653 item
479 1592 577 1667 alter,
598 1590 629 1654 δι
650 1592 737 1662 multi
762 1591 971 1654 intercesserant
990 1588 1077 1668 dies,
1096 1607 1164 1653 cum
1186 1606 1232 1651 tes

266 1669 305 1732 est
332 1671 364 1731 in
388 1668 584 1754 inquirendo.
611 1671 699 1746 Quid
713 1687 813 1734 autem
833 1673 968 1746 interea,
997 1670 1157 1754 Princeps,
1186 1666 1234 1732 tui

267 1748 448 1827 itiones,
491 1766 543 1813 um
566 1746 618 1813 ille
640 1771 699 1814 non
728 1751 822 1814 solum
848 1751 902 1813 tibi
926 1750 1096 1828 indicarat,
1120 1747 1237 1812 sedet·

267 1828 327 1892 iam
351 1847 386 1892 er
409 1847 450 1913 qu
489 1851 539 1892 am
562 1830 631 1893 loco
653 1831 689 1893 de
712 1827 785 1893 facie
809 1828 1045 1897 demonstrarat?
1065 1829 1164 1915 quid,
1185 1829 1233 1891 in·

267 1920 354 1992 qnam
370 1952 381 1985 ‚
400 1907 536 1974 faciunt?
562 1930 634 1974 num
660 1910 756 1974 vitam
782 1909 863 1975 suam
887 1908 1064 1975 fastidiunt?
1089 1927 1163 1973 num
1188 1909 1248 1969 se··

267 1991 356 2052 cutim
377 1991 408 2052 in
432 1991 574 2053 cervicem
596 1988 777 2072 expediant?
801 2010 852 2054 cur
868 2010 928 2054 non
947 1993 1083 2064 interea,
1102 1990 1173 2052 dum
1188 1985 1233 2050 sa·

268 2066 405 2132 cultatem
432 2069 539 2131 habent
555 2115 564 2142 ‚
598 2068 700 2151 sugam
716 2070 860 2151 arripiunt
877 2069 887 2130 ἓ
914 2071 999 2132 saluti
1015 2068 1071 2131 sue
1087 2087 1148 2130 non
1163 2083 1233 2129 con·

267 2143 389 2212 sulunti
419 2169 470 2212 cur
491 2147 607 2212 inloto
634 2149 768 2231 quotidie
791 2146 967 2212 versantur?
993 2166 1043 2210 cur
1066 2147 1103 2208 ad
1130 2161 1159 2208 te
1180 2146 1232 2206 ad·

267 2225 361 2291 tuntl
385 2242 481 2291 tecum
509 2227 575 2289 sunt
600 2223 611 2289 ‚³
636 2225 827 2289 comedunt?
861 2245 933 2290 num
957 2223 1111 2286 stultissimi
1135 2221 1232 2285 sunt?

266 2321 335 2371 num
357 2304 552 2368 insanissimi?
570 2305 653 2367 nulla
668 2324 705 2367 ne
720 2304 797 2368 tanti
820 2304 929 2367 sceleris
957 2299 1134 2367 couscientia
1149 2319 1233 2364 com·

265 2384 447 2450 moventur?
476 2384 557 2462 Quid
577 2385 657 2466 quod
677 2402 745 2448 cum
767 2400 800 2446 tu
820 2384 920 2446 dedita
938 2402 1027 2466 opera
1046 2380 1179 2454 Judaeum
1199 2382 1233 2444 in

266 2464 427 2530 sermonem
450 2461 551 2546 sapius
571 2464 710 2542 inducis,
733 2465 839 2527 horum
861 2466 988 2538 vultus,
1009 2462 1232 2545 orationemque

264 2546 351 2689 {obe
370 2546 548 2621 observans,
576 2545 650 2607 nihil
679 2565 727 2608 eos
758 2563 889 2628 unquam
909 2558 1106 2607 commutatos
1126 2539 1230 2606 vides?

297 2642 344 2689 tos
366 2624 402 2687 ad
426 2641 454 2688 te
476 2624 632 2702 accedere,
659 2623 782 2690 latiores
810 2626 900 2688 etiam
928 2624 1068 2687 discedere
1102 2621 1231 2707 planissi-

261 2716 307 2769 snt
327 2703 435 2768 sentis?
457 2708 540 2768 Num
561 2706 622 2769 hacc
641 2725 731 2788 parva
750 2706 831 2788 dgna
851 2704 936 2783 sunt,
958 2705 1120 2785 Princeps,
1140 2702 1227 2767 hosce

258 2780 295 2849 ti
315 2787 398 2848 omni
417 2786 463 2847 cul
485 2807 502 2848 a
521 2783 638 2850 abesse?
660 2788 740 2850 nulla
760 2785 877 2860 hujusce
901 2785 977 2849 tanti
1000 2782 1111 2848 sceleris
1135 2781 1184 2847 sus
1200 2786 1224 2846 i·

261 2865 347 2929 tione
367 2806 484 2926 tenerii)
497 2865 534 2926 ab
554 2867 607 2930 isto
630 2863 856 2948 improbiffimo,
877 2862 1158 2952 atqucaudacissimo
1175 2805 1230 2926 io-

260 2944 342 3007 mine
370 2943 471 3005 omnia
490 2942 563 3005 salso
583 2946 637 3006 elle
659 2948 805 3021 inventa,
834 2962 924 3040 atquc
950 2943 1101 3007 confinia?
1131 2946 1173 3006 At
1193 2946 1228 3005 in

260 3026 321 3098 ejus
341 3020 503 3085 constantia
523 3023 705 3088 confidebant
723 3045 732 3096 3
762 3027 793 3087 in
821 3023 890 3087 fatti
918 3024 1041 3088 levitate
1059 3022 1123 3102 spes
1144 3037 1244 3095 erat3.

258 3097 291 3167 in
306 3102 475 3181 Quasttoris
495 3101 677 3192 negligentia
692 3107 821 3165 maxime
840 3105 1040 3185 erigebantur.
1060 3101 1174 3164 Scilicet
1194 3096 1246 3162 inl

258 3194 319 3247 uno
340 3183 438 3255 Judao
461 3179 560 3244 salunt
584 3180 637 3242 suae
658 3181 736 3263 spem
759 3181 929 3263 ponebant.
958 3180 1076 3251 Caedem
1097 3178 1229 3320 Princigi

257 3263 386 3338 moliri,
416 3260 592 3325 levissimum
614 3258 654 3321 est
674 3277 827 3324 erratum.
856 3261 982 3344 Gypfius
1003 3274 1101 3324 autem
1122 3260 1193 3335 Qua

258 3354 336 3418 tor,
364 3343 395 3404 δι
415 3342 551 3404 omnium
570 3341 691 3422 ingenio
712 3340 919 3406 socordillrmtts
937 3380 946 3418 ,
966 3343 998 3405 δι
1018 3339 1156 3403 industria
1176 3356 1228 3400 ne<

253 3418 480 3515 gligentiffimus
501 3423 576 3483 hanc
598 3422 691 3483 animi
713 3422 921 3500 securitatem,
940 3426 1015 3487 hanc
1037 3419 1152 3484 timoris
1173 3438 1226 3483 ta·

255 3517 399 3564 cultatem
416 3500 475 3563 illis
516 3500 655 3565 canebat.
677 3498 788 3565 Eorum
805 3501 1000 3582 conscientia,
1020 3503 1174 3587 Princeps,
1196 3499 1227 3562 se

254 3578 329 3644 scite
353 3582 434 3644 omni
455 3521 539 3662 coiit
560 3601 681 3660 catere,
710 3583 738 3644 se
768 3602 828 3645 non
847 3582 898 3646 else
920 3601 956 3647 er
978 3582 1151 3658 coniuratis,
1171 3579 1224 3664 [li

248 3661 308 3803 (Εἰ
328 3677 428 3724 tamen
448 3662 541 3744 sunt]
561 3663 627 3724 illos
649 3663 679 3724 in
701 3664 817 3740 Patria,
838 3681 926 3747 atque
948 3666 1020 3728 adeo
1041 3680 1156 3738 tecum,
1176 3661 1221 3724 as·

302 3741 485 3815 ueretinuit,
504 3742 665 3804 orationem
686 3743 833 3824 stabilem),
853 3745 1226 3827 laetumvultumjissiscon·

252 3819 386 3887 servavit
403 3864 411 3884 .
431 3821 497 3894 Jam
519 3838 590 3886 veto
613 3825 731 3907 propius
754 3826 896 3965 adItuurn
915 3827 1075 3910 periculum
1096 3822 1238 3964 afficior·

844 3928 867 3986 4
1126 3918 1186 3962 rin·

1214 3288 1229 3309 d
