3000 4559
409 526 413 533 .
1136 462 1176 544 87

248 619 906 731 BARTHOLOMAEI
941 619 1210 730 RICClI

576 849 898 914 ORATIO

463 1035 521 1115 Ad
554 1032 730 1135 Principes
762 1007 1000 1115 Christianos.

259 1290 284 1355 ga
306 1290 339 1348 ⁷·j
352 1291 366 1295 ·
419 1303 431 1339 a
448 1273 573 1351 Uperem
595 1271 747 1354 equidem,
768 1271 855 1351 Cesar
870 1274 1073 1350 invidissime,
1097 1276 1209 1354 Reges,

261 1361 264 1373 ¹
313 1366 371 1422 f„
464 1371 497 1411 ac
514 1350 658 1432 Principes
676 1351 863 1432 amplissimi,
885 1370 918 1415 ut
939 1355 1025 1417 hodie
1042 1355 1115 1416 mihi
1131 1356 1208 1433 apud

332 1436 375 1485 rsa
413 1455 422 1485 t
465 1451 519 1492 vos
541 1445 655 1492 tantum
677 1451 744 1492 cum
768 1431 969 1510 ausioritatiS,
988 1449 1051 1496 tum
1073 1436 1161 1496 etiarn
1182 1453 1212 1495 e·

255 1570 257 1584 ‚
284 1504 376 1589 Ab?
412 1505 437 1525 ”’
465 1509 620 1594 loquentia
642 1511 784 1586 daretur,
816 1529 959 1594 quantum
980 1515 1020 1575 rei
1041 1513 1125 1595 ipfius
1143 1557 1152 1586 ,
1173 1513 1211 1575 dc

267 1586 341 1605 ω’
464 1609 523 1672 qua
553 1588 667 1652 auarus
690 1589 779 1664 sum,
809 1591 1031 1681 magnitudini,
1060 1615 1093 1655 ac
1114 1591 1211 1654 vestra

248 1666 368 1727 summa
391 1668 561 1732 conveniret
583 1691 629 1732 am
653 1669 797 1731 litudini.
828 1672 992 1734 Dicendum
1015 1672 1055 1734 eil
1075 1674 1154 1734 enim
1175 1670 1212 1734 dc

249 1742 423 1825 suscipiendo
439 1747 514 1810 bello
535 1749 607 1811 adve
636 1771 666 1812 us
683 1751 833 1810 Thracum
851 1751 895 1812 Re
918 1773 981 1828 em,
1002 1751 1209 1815 arrocillimum

249 1824 409 1906 Religionis
430 1828 531 1890 nostrae
553 1829 688 1904 hostem,
720 1830 808 1912 idque
837 1772 917 1911 apud
942 1852 1008 1895 eum
1039 1833 1133 1895 Princi
1158 1852 1208 1895 um

250 1904 402 1984 Senatum,
422 1909 502 1980 cujus
523 1909 659 1985 consilio,
676 1926 765 1991 atque
783 1909 936 1991 prudentia
952 1930 1016 1975 tota
1031 1913 1114 1993 Resp.
1152 1912 1211 1972 hri·

248 1983 334 2045 sliana
354 1985 476 2049 feliciter
497 1988 690 2068 gubernatur,
711 1988 747 2049 ad
768 1989 848 2059 cujus
870 1992 908 2051 rei
931 1993 1108 2072 gravitatem
1130 1990 1209 2052 sosii·

249 2066 370 2126 nendum
392 2066 503 2128 Caesare
526 2067 724 2149 Imperatore,
744 2067 781 2127 ad
803 2088 867 2127 eam
889 2089 957 2131 vero
980 2070 1126 2150 splendide
1147 2090 1210 2148 per·

248 2145 382 2207 orandam
412 2146 552 2208 Cicerone
582 2166 705 2227 peropus
727 2144 796 2206 esset
815 2147 965 2207 Oratore.
996 2149 1050 2209 Sed
1072 2147 1146 2207 nihil
1170 2164 1212 2209 ta-

250 2241 314 2285 men
336 2244 456 2299 vereor,
500 2225 550 2284 uin
571 2245 625 2305 pro
640 2223 733 2285 vestra
754 2223 866 2284 summa
887 2225 1068 2287 humanitate
1088 2225 1212 2284 alterum

248 2299 257 2360 i
280 2303 297 2364 sr
323 2323 393 2363 mea
415 2304 478 2362 sene
510 2304 571 2377 uti,
590 2318 678 2384 atque
700 2301 769 2361 huic
791 2301 908 2361 canitiei
929 2302 988 2365 satis
1011 2301 1130 2364 libenter
1146 2324 1215 2364 con-

269 2382 410 2458 onaturi,
439 2381 491 2463 qui
515 2401 599 2455 non,
628 2397 661 2441 ur
682 2379 765 2442 vobis
787 2379 1013 2461 prudentiffimis
1034 2381 1213 2463 Principibus

248 2461 399 2521 confilium
422 2461 537 2536 darem,
561 2461 635 2522 hanc
655 2461 840 2542 provinciam
866 2458 990 2540 suscepi,
1013 2459 1057 2523 sed
1079 2461 1149 2542 quia
1172 2459 1215 2522 sa·

248 2541 302 2600 tile
324 2540 410 2617 duxi,
431 2560 517 2616 cum,
537 2561 600 2623 quae
617 2538 652 2601 de
669 2561 716 2600 me
738 2539 894 2616 audiretis,
915 2540 1049 2603 omnibus
1067 2538 1215 2602 notishma

248 2617 360 2696 essent,
391 2641 424 2682 ea
453 2621 524 2682 item
576 2619 632 2681 uasa
655 2619 691 2681 ab
713 2621 794 2681 omni
816 2619 1045 2682 Christianorum
1066 2637 1214 2685 conventu

248 2699 345 2784 audire
365 2701 522 2782 putaretis;
542 2641 666 2763 aiterum
688 2722 743 2780 ego
764 2745 772 2772 ,
804 2716 836 2761 ut
856 2721 874 2762 a
894 2721 961 2762 meo
982 2701 1097 2762 dicendi
1120 2701 1213 2763 veteri

250 2778 382 2841 milituto
404 2779 569 2855 obtineam,
587 2781 666 2841 omni
689 2780 802 2854 studio,
824 2795 911 2863 atque
928 2781 1079 2862 diligentia
1096 2796 1215 2843 conten·

249 2855 330 2920 dam.
352 2859 485 2921 Primum
507 2861 614 2939 igitur,
636 2877 669 2921 ut
692 2860 741 2921 suo
763 2879 823 2920 rem
846 2859 946 2920 ordine
968 2861 1138 2941 persequar,
1159 2880 1213 2920 un·

250 2933 286 2999 de
304 2953 420 3000 tantum
441 2937 550 2999 bellurn
574 2956 671 2999 ortum
695 2939 755 3009 s1t;
777 2938 878 2999 deinde
899 2938 935 2998 de
956 2941 1015 3008 ejus
1037 2939 1214 3019 magnitudi-

251 3031 310 3094 ne,
336 3033 425 3100 atque
446 3015 607 3077 necessitate
629 3018 724 3078 dicant
744 3039 752 3087 3
782 3018 923 3097 postremo
952 3037 1021 3078 vero
1041 3017 1078 3076 ad
1099 3035 1216 3077 concor-

250 3092 330 3159 diam
351 3099 427 3160 inter
448 3116 501 3158 vos
523 3094 736 3156 conciliandam
757 3114 810 3154 vos
832 3095 997 3155 Christiane
1024 3092 1216 3155 cohortabor.

252 3176 296 3238 Ac
316 3177 393 3260 qnod
415 3176 452 3236 ad
472 3175 613 3248 caussam,
636 3194 669 3231 ea
689 3172 808 3254 quidem
832 3172 986 3253 multiplex
1006 3173 1059 3232 esse
1080 3172 1213 3234 videtur.

252 3258 315 3317 Aut
337 3259 414 3317 enim
437 3255 488 3316 ille
511 3254 618 3315 bellum
642 3255 696 3315 hoc
718 3268 842 3325 movet,
873 3266 906 3312 ut
935 3250 1010 3313 solus
1033 3268 1157 3333 regnet3
1186 3252 1216 3315 id

252 3335 329 3418 quod
352 3340 440 3397 eriam
465 3337 494 3396 in
517 3333 641 3414 propriis
663 3331 731 3392 siliis
755 3329 938 3401 declaravit,
970 3349 1042 3413 quos
1071 3351 1138 3392 curn
1159 3333 1216 3414 pri·

252 3430 334 3477 muln
358 3415 475 3497 aliquod
498 3412 616 3474 uirtutis
641 3410 782 3494 specimen
803 3410 870 3470 dare
890 3410 1026 3487 vidisset,
1047 3409 1160 3487 statim,
1182 3433 1218 3476 ne

253 3492 303 3557 nbi
332 3511 457 3556 mortem
486 3492 626 3575 regnandi
655 3491 748 3553 caussa
776 3490 1034 3567 machinarentur,
1060 3492 1218 3554 demedio

253 3574 398 3636 tollendos
428 3570 537 3634 nefarie
566 3570 708 3641 curavit3
737 3587 789 3633 aut
818 3569 921 3631 nativo
950 3570 1018 3634 odio
1038 3571 1069 3632 in
1092 3571 1218 3635 nostram
1276 3637 1280 3643 ,

260 3654 448 3745 Religionem
470 3650 687 3726 inflammatus,
709 3666 745 3741 ur
765 3669 829 3712 earn
849 3647 969 3726 deleat,
991 3666 1079 3792 atepue
1099 3652 1218 3733 perdat,

254 3752 336 3795 orum
360 3733 454 3795 studio
473 3776 481 3807 ‚
509 3748 597 3819 atque
617 3745 804 3795 contentione
823 3744 966 3792 conatur.
995 3731 1029 3792 Se
1070 3751 1163 3812 neque
1177 3749 1218 3817 ‘ea

253 3832 371 3898 quoque
394 3811 535 3876 levissima
555 3812 646 3874 caussa
667 3809 760 3876 videri
782 3807 893 3890 potest,
912 3811 1073 3893 quodcum
1091 3811 1218 3893 superro-

816 3889 912 3969 ,Μ
1152 3904 1177 3946 ¹1
1247 3918 1331 4034 Ι
