3000 4559
324 458 361 517 82
462 456 667 514 BARTHOL.
689 454 815 514 RlCClI
834 452 1080 514 ORATIONES.

279 538 374 598 miseri
403 533 485 595 liberi
517 551 600 595 tanto
620 533 868 613 ,l'arre⁹”orbati‘,
894 554 916 592 a
934 529 1116 612 propinquis
1153 549 1232 610 poene

278 617 375 690 nudi,
404 634 421 673 a
450 635 479 674 re
508 629 583 674 certe
612 613 727 692 peffime
748 613 841 692 parati
856 658 870 690 r
894 607 960 692 Ego
980 633 1049 673 vero
1062 611 1130 691 brec
1151 611 1234 671 eriam

297 716 382 756 auca.
403 694 496 754 Nulla
516 695 575 754 haec
597 693 651 754 tibi
671 694 762 754 caussa
782 692 842 766 s1t',
862 691 1020 772 Princeps,
1050 689 1233 773 quamobrem

276 717 334 834 liis·
348 772 456 834 miseris
473 772 572 833 filiolis
592 772 762 846 subvenias,
782 791 942 852 numquam
959 771 989 831 id
1006 770 1132 844 dixeris,
1155 775 1232 831 ninn-

276 875 367 935 quam
390 850 582 933 promiseris,
602 874 635 912 ea
656 869 684 913 te
706 869 821 914 tantum
845 869 963 911 moveat
987 850 1090 923 causa,
1111 850 1189 932 quod
1208 871 1232 910 e·

279 935 324 1005 jus
348 934 378 993 hi
401 931 454 993 silli
485 931 573 1007 sunt,
603 952 690 1012 quem
722 931 780 1011 ipse
810 946 958 1010 tantopere
987 928 1139 1004 dilexisli,
1170 930 1230 1010 qui,

302 1012 421 1073 uamdiu
441 1013 545 1086 vixit,
576 1012 692 1074 Parenti
723 1029 775 1073 tuo
802 1010 936 1090 partim,
965 1011 1072 1090 partim
1106 1008 1158 1071 tibi
1188 1010 1230 1090 ipsr

277 1034 442 1153 zdelilsrme
463 1090 564 1168 vixit,
593 1092 624 1152 in
644 1111 732 1173 quem
754 1089 803 1151 ille
824 1089 873 1150 sua
896 1106 989 1149 morte
1011 1105 1184 1168 occupatuS,
1202 1105 1228 1150 tu

276 1172 357 1233 istius
380 1172 536 1251 impeditus
557 1171 672 1232 nullum
694 1169 845 1251 separatim
869 1166 1065 1241 beneficium,
1087 1188 1155 1228 cum
1176 1188 1227 1228 ma·

276 1253 360 1311 xima
380 1251 510 1330 quotidie
526 1249 756 1330 polliceremini,
776 1248 954 1310 contulistis.
976 1246 1027 1309 Tu
1042 1268 1138 1321 nunc,
1160 1246 1225 1329 quod

276 1331 412 1390 Ferrinio
430 1347 498 1405 tuo,
520 1347 608 1411 atque
625 1329 754 1392 Parentis
773 1329 817 1390 tui
835 1328 953 1388 nomine
968 1326 1106 1398 debebas,
1126 1328 1184 1396 eius
1201 1325 1226 1387 li·

277 1408 325 1470 liis
343 1408 477 1484 dissolve,
494 1408 580 1470 fidem
599 1408 746 1492 utriusque
764 1411 888 1470 vestrum
909 1406 1024 1481 libera,
1049 1406 1158 1466 miseris
1176 1405 1225 1468 sub

277 1489 362 1549 veni.
382 1489 447 1550 Scio
463 1509 535 1570 egn,
553 1505 599 1564 te,
615 1489 766 1568 Princeps,
786 1507 849 1568 quae
866 1503 916 1546 tua
932 1487 970 1546 est
986 1487 1078 1547 animi
1095 1486 1224 1559 altitudo,

275 1570 309 1630 in
334 1570 386 1630 isla
409 1569 532 1629 benione
555 1566 679 1630 faciendi
702 1568 813 1629 ratione
828 1564 1012 1627 libentissime
1028 1565 1148 1637 versari,
1170 1586 1224 1626 curn

276 1665 329 1709 tua
345 1647 444 1728 sponte
462 1618 495 1708 id
508 1645 596 1722 sacis,
613 1669 679 1710 cum
698 1647 785 1708 nullis
802 1645 903 1707 officiis
912 1660 1094 1783 provocatus
1111 1665 1174 1706 eam
1187 1666 1226 1705 enr

271 1746 372 1788 erces.
395 1727 445 1787 lsti
470 1742 522 1788 tuo
545 1727 771 1808 splendidissimo
796 1725 895 1786 animo
922 1746 968 1786 me
984 1747 1062 1787 nunc
1085 1724 1224 1799 accedant,

273 1805 401 1866 Ferrinii
422 1806 491 1866 fides
508 1826 576 1886 erga
593 1824 621 1868 te
638 1825 682 1868 tot
699 1827 843 1867 annorum
865 1806 1068 1885 integerrima,
1092 1822 1136 1867 tot
1150 1804 1224 1864 itine-

273 1903 307 1946 ra
322 1885 439 1961 summa
456 1885 637 1947 difficultatis
655 1887 757 1966 plena,
774 1885 830 1946 hoc
847 1887 936 1946 etiam
954 1885 1138 1960 Mutinense,
1158 1881 1222 1964 quod

274 1983 454 2053 quamquam
476 1965 610 2026 omnium
631 1963 803 2027 facillimum
828 1966 880 2025 esse
902 1963 1025 2040 debuit,
1053 1965 1121 2025 huic
1139 1981 1220 2024 tamen

272 2040 457 2186 ppmicrosrus
466 2043 591 2106 accidere
605 2066 666 2106 non
675 2061 807 2125 poterat,
828 2065 894 2105 cum
903 2042 934 2103 in
944 2066 978 2104 eo
988 2046 1083 2105 vitam
1092 2043 1219 2104 amiserit.

307 2142 325 2182 a
347 2123 438 2203 igitur
458 2124 573 2207 utrique
593 2170 602 2199 ,
625 2124 655 2184 &
671 2125 750 2206 quod
767 2145 785 2184 a
802 2141 829 2184 te
845 2126 906 2193 jure
930 2121 1087 2205 equissimo
1105 2121 1220 2204 espessa·

277 2222 362 2276 mus,
377 2201 408 2262 ἃ
425 2218 476 2263 tua
492 2201 692 2283 benignitasa
708 2222 736 2265 re
801 2204 885 2264 stulat
901 2203 1062 2287 ipsarfflliac
1079 2249 1088 2278 ,
1104 2203 1220 2281 Princeps

277 2279 472 2362 amplissime,
492 2298 535 2355 ut,
557 2284 635 2364 quod
652 2283 747 2344 miseri
779 2279 812 2343 lii
820 2283 912 2344 atatis
928 2281 1068 2345 beneficio
1086 2285 1218 2344 Parenren

275 2360 328 2422 srbi
343 2377 473 2441 ereptum
496 2362 546 2422 esse
572 2384 632 2424 non
656 2363 801 2437 sentiunt,
825 2380 875 2425 tua
896 2365 985 2425 etiam
1011 2361 1183 2442 benignitate
1196 2361 1219 2419 in

272 2461 305 2502 re
321 2462 388 2502 eum
410 2439 461 2501 srbi
485 2436 623 2503 decessisse
648 2444 772 2503 minime
795 2442 935 2504 sentiant.
958 2443 1046 2516 Quod
1064 2444 1148 2504 Pater
1169 2457 1218 2501 ate
1261 2504 1262 2509 η

273 2519 461 2600 expediebat,
483 2520 543 2592 eius
565 2520 633 2582 filiis
657 2522 796 2603 elargire3
816 2523 847 2582 in
870 2523 924 2582 hoc
947 2523 1003 2581 illis
1028 2541 1057 2583 te
1083 2524 1216 2584 Parenrem

275 2599 385 2679 praebe,
407 2601 439 2660 in
462 2599 541 2668 cuius
567 2601 616 2680 ipsr
634 2599 730 2663 officio
755 2619 869 2662 tantum
895 2603 1044 2663 Parentem
1063 2602 1216 2661 amiserunt.

277 2679 347 2738 Hoc
364 2677 497 2756 exemplo
514 2695 630 2740 caeteros
649 2682 759 2754 excita,
780 2682 832 2761 qui
850 2682 905 2740 hoc
922 2702 1028 2742 munus
1046 2681 1158 2742 subeant
1172 2678 1217 2738 ala·

276 2757 352 2818 erius
368 2780 380 2825 ,-
403 2759 455 2837 qui
472 2777 541 2817 vero
558 2758 588 2818 in
613 2760 674 2839 pari
700 2760 873 2834 versantur,
899 2762 952 2820 hoc
976 2761 1065 2822 modo
1082 2781 1129 2821 eos
1145 2759 1214 2819 etiarn

274 2834 453 2897 studiosiores
470 2835 567 2909 effice,
584 2859 668 2912 cum,
685 2838 762 2919 quod
781 2839 836 2899 suis
854 2839 981 2918 sperant,
998 2841 1063 2900 aliis
1081 2839 1215 2918 benignius

271 2913 337 2976 fieri
353 2915 471 2975 videant
489 2960 496 2974 .
518 2914 649 2978 Ferrinio
664 2918 807 2997 postremo
825 2919 897 2979 hanc
913 2921 1039 2998 gratiam
1057 2919 1125 2986 sac3
1148 2918 1214 2979 illurn

275 2995 332 3056 hac
348 2993 461 3055 summa
476 3015 592 3076 quoque
615 2996 696 3057 astice
723 3000 891 3077 voluptate,
914 3000 989 3079 qui,
1016 3001 1036 3059 fi
1060 3000 1214 3082 quicquan,

298 3075 328 3136 ui
343 3071 492 3148 decessere,
508 3074 635 3136 sentiunt
652 3096 685 3136 ex
702 3077 756 3151 iis,
773 3098 836 3158 quae
852 3079 927 3158 apud
945 3099 997 3139 nos
1011 3098 1164 3159 geruntur,
1179 3073 1213 3137 ubi

275 3096 410 3228 senserit,
427 3153 503 3214 lilios
519 3153 583 3216 suos
598 3156 676 3238 quasr
692 3157 723 3217 in
738 3157 865 3218 filiorum
882 3158 978 3219 locum
995 3180 1013 3218 a
1038 3176 1066 3219 te
1082 3161 1132 3219 esse
1148 3154 1213 3217 susce

276 3250 362 3316 ptos,
383 3254 442 3293 non
458 3234 537 3314 quod
553 3235 611 3295 haec
626 3256 709 3310 eam,
725 3258 784 3318 qna
800 3237 874 3316 apud
891 3239 985 3299 Deum
1003 3239 1148 3318 optimum
1163 3232 1213 3295 frui·

278 3331 328 3376 tur
348 3315 494 3385 maxima,
510 3311 612 3375 laetitia
628 3315 792 3394 superatura
808 3317 858 3388 s1t3
879 3335 955 3378 certe
970 3340 1003 3378 ex
1022 3319 1076 3378 islo
1097 3335 1147 3378 tuo
1161 3330 1212 3395 prae·

278 3391 431 3454 clarissimo
451 3391 527 3453 sasso
543 3414 603 3454 non
621 3399 717 3456 minus
742 3397 837 3476 capiet
861 3398 1039 3477 voluptatis,
1061 3418 1149 3478 quam
1163 3393 1178 3452 sr
1190 3391 1212 3449 iss

278 3472 308 3533 se
331 3471 448 3551 ipsum,
469 3491 535 3533 cum
560 3489 654 3533 tecum
681 3475 811 3546 viveret,
833 3474 891 3536 lraec
916 3479 1038 3551 omnia,
1055 3494 1143 3559 atque
1158 3471 1212 3535 adeo

276 3551 371 3613 multo
386 3549 485 3632 plura,
502 3551 653 3636 multoque
670 3554 780 3625 majora
794 3555 973 3617 contulisses.
988 3557 1074 3618 Diri.

971 3844 990 3932 s
1026 3867 1181 3934 non.
