3000 4559
349 455 549 519 ntrchto
570 457 742 522 CONTRA
762 458 872 522 GAS'P.
894 458 1084 525 SllllDUM.
1123 463 1182 546 ³185

249 541 304 602 ius
321 583 329 598 .
349 537 490 618 Dauytus
511 539 606 619 prima
626 540 657 602 δι
680 543 821 621 postrema
841 539 959 620 longa?
988 543 1102 619 Quibus
1123 541 1223 626 flagris

257 639 336 682 nuuc
356 618 504 708 caedenrius
525 616 618 680 esses?
648 621 891 712 Amphimucrum
969 641 1015 682 ern
1047 623 1123 685 hunc
1142 623 1223 688 dosii

257 714 400 841 sitsi
418 699 913 870 tssesttimttssttsssusti
923 720 995 843 ⁰13,
1003 701 1223 871 sitrici

257 860 355 919 munde
374 858 405 918 δι
425 857 607 937 legendum,
636 858 666 920 &
695 859 875 924 scribendum
905 859 988 921 effe?
1016 877 1104 924 euarn
1126 860 1224 923 taces?

257 939 302 1000 Ar
323 935 451 1019 egotibi
473 937 594 1013 dicam,
621 941 692 1020 quia
713 961 830 1022 magnus
850 965 878 1001 es
897 941 1025 1001 ardelio.
1053 938 1133 1016 Quid
1154 961 1223 1005 vero

260 1017 280 1080 si
341 1038 361 1078 ο
381 1037 498 1100 quoque
519 1019 639 1080 Portam
671 1019 764 1082 habeo
794 1022 891 1084 multo
920 1021 974 1084 isto
1005 1037 1057 1082 tuo
1077 1020 1224 1084 cucullato

257 1037 494 1162 exceeitentiorem
515 1097 622 1162 Civem
643 1100 769 1162 nostrum
791 1101 991 1164 Thebaideum
1011 1144 1021 1175 ,
1041 1099 1094 1184 qui
1114 1105 1226 1165 συην-

277 1177 354 1239 bium
374 1177 468 1254 dixit,
489 1198 549 1240 non
566 1179 743 1260 Gunzagam?
766 1182 794 1243 Is
815 1182 859 1243 ita
875 1181 972 1268 inquit
989 1180 1020 1241 iu
1040 1178 1224 1269 argutissimus

255 1201 481 1401 {pigmmmgrle
499 1303 509 1334 ,
526 1279 588 1349 quo
608 1259 752 1403 Flrapcitsci
774 1262 944 1344 Gonzaghii
964 1280 1107 1342 equorum
1127 1258 1225 1324 celerr-

307 1358 406 1402 enrtu
491 1359 741 1402 musceera:
1184 1365 1197 1390 ·

340 1360 490 1495 Enceladiy,
510 1359 621 1499 (licique
640 1423 734 1496 Soror,
753 1443 814 1502 que
833 1422 934 1484 numia
954 1421 1025 1497 veri,

377 1501 415 1559 Er
429 1497 502 1577 fuist
518 1519 602 1560 terras
623 1502 730 1580 trajicis
749 1500 790 1563 (9·
810 1502 916 1579 maria,

339 1579 378 1638 Ur
392 1575 432 1652 fis
451 1579 482 1640 iu
501 1581 579 1657 cursu
600 1580 732 1656 uelocior,
752 1602 819 1641 exue
834 1598 958 1662 pennas,

378 1657 583 1740 Gouzcgbir'que
601 1660 664 1722 ciris
685 1678 758 1722 utere
776 1662 862 1741 Regis
879 1662 978 1743 equis:

255 1776 260 1783 -
298 1737 397 1819 Pergis
416 1741 529 1820 postea:

296 1898 354 1960 Sed
360 1900 396 1960 de
404 1904 500 1968 Gurza
519 1926 536 1962 a
536 1903 627 1982 fictis,
638 1904 674 1967 cle
682 1902 806 1985 Areliiua
814 1925 878 1968 vero
886 1905 1011 1969 Familia
1018 1903 1148 1985 iuferius.
1168 1903 1229 1964 ra·

262 1994 315 2039 terr
333 1979 471 2061 ingenue,
494 1925 580 2057 iad
601 1987 746 2046 Herculem
764 1987 900 2065 Aresiiuru
919 2009 973 2046 uon
992 1984 1148 2063 addidrffir
1158 1986 1229 2073 fer·

264 2061 339 2121 ruriae
358 2061 530 2140 Principem,
552 2062 623 2122 hunc
643 2066 778 2142 Arellium
796 2087 839 2124 me
858 2067 1014 2144 igneraffe,
1043 2084 1105 2124 eum
1119 2061 1230 2139 sciam,

264 2135 483 2218 bumaniffimum
505 2142 657 2221 Principem
677 2143 793 2220 nostrum
811 2166 845 2202 cx
865 2166 945 2203 uxore
959 2140 1121 2218 uubiliffuma
1131 2140 1228 2219 plures

258 2217 401 2302 suscepiffi
419 2219 542 2281 liberor.
573 2222 670 2281 Dicere
691 2239 783 2281 autem
802 2221 891 2301 ipsum
911 2219 1046 2296 Ateflirrm
1067 2261 1090 2292 ,-
1105 2215 1155 2276 buc
1172 2216 1230 2293 ιβ,

257 2295 316 2370 stne
336 2297 463 2377 restibus,
479 2298 623 2380 piaculum
643 2302 694 2379 effe
713 2298 843 2360 arbitror.
864 2301 929 2359 Nou
947 2298 1020 2358 enim
1040 2293 1226 2359 deburrPriu·

264 2380 350 2460 eipem
371 2377 487 2456 austrum
508 2377 688 2455 emasculare.

253 2568 259 2577 ·
300 2537 348 2598 De
369 2537 450 2600 istius
471 2539 663 2617 urbanitate,
695 2562 732 2603 au
755 2542 933 2605 scurrilitate
991 2538 1075 2616 tius,
1094 2534 1227 2601 Praefecti

261 2613 359 2691 Viri,
379 2618 510 2708 proprius
535 2623 614 2682 locus
638 2621 677 2683 est
702 2623 791 2714 paulo
815 2620 917 2697 infra,
939 2621 991 2683 ui
1015 2634 1112 2683 torum
1138 2616 1226 2678 istum

260 2696 346 2760 vobis
363 2697 543 2776 ridendum,
569 2716 656 2783 atque
672 2719 763 2764 etiam
780 2702 968 2764 deridendum
986 2700 1114 2762 reservo.
1135 2698 1228 2759 Nunc

261 2793 333 2840 vero
355 2777 390 2839 dc
411 2794 458 2856 te,
479 2781 713 2859 Grammarilia,
734 2802 858 2865 quaero,
901 2802 968 2845 uam
987 2780 1131 2844 rationem
1151 2777 1229 2839 secu-

261 2868 309 2919 tus
331 2855 365 2918 sis
387 2857 418 2920 in
440 2875 491 2922 tuo
514 2861 567 2923 isto
590 2863 705 2927 Atestio
734 2863 794 2935 ejus
814 2863 887 2953 figni
910 2861 1034 2925 cationis
1054 2855 1225 2948 formando.

261 2934 347 2998 Nam
368 2957 435 3000 cum
455 2938 515 3002 duo
544 2941 596 3003 fint
618 2942 726 3024 (quod
746 2963 803 3024 ego
823 2939 978 3020 viderim]
999 2938 1079 3020 apud
1103 2939 1229 2998 Latruoe

258 3017 387 3079 nomina
409 3018 450 3080 ira
470 3017 566 3095 falia,
585 3021 708 3082 alterum
729 3025 809 3101 apis,
851 3038 1010 3102 uamquam
1031 3017 1122 3077 etiam
1143 3013 1233 3088 sunt,

257 3096 316 3180 qui
346 3097 402 3158 hoc
430 3117 562 3180 negent,
591 3098 666 3160 aba
686 3100 718 3161 δὲ
733 3116 785 3179 pes
802 3041 939 3171 faiam,
966 3097 1091 3158 alterum
1119 3091 1233 3173 apella,

255 3193 324 3259 quo
343 3176 486 3240 Horatius
508 3181 601 3240 uritur
620 3178 655 3239 de
675 3176 823 3252 Hebraeo,
851 3175 931 3259 quati
952 3175 1005 3256 qui
1033 3172 1066 3264 st
1080 3169 1140 3247 fiae
1156 3170 1230 3252 pesse

255 3269 383 3396 propter
409 3258 490 3339 penis
520 3258 665 3339 glandulae
691 3257 878 3321 involuerum
907 3252 1131 3343 circumcisum,
1159 3269 1228 3312 cum

280 3354 371 3399 orum
392 3355 496 3401 neutro
516 3355 568 3401 tua
587 3337 681 3400 forma
704 3339 737 3398 in
757 3338 801 3397 ius
820 3336 974 3399 convenis.
997 3332 1145 3415 Equidem
1165 3349 1231 3390 mu·

253 3416 326 3498 gis,
348 3415 369 3476 st
389 3417 418 3478 id
439 3419 513 3481 mihi
535 3418 689 3480 dicendum
711 3417 766 3494 fit,
784 3416 902 3493 Acestem
921 3414 1061 3503 dicerem,
1081 3413 1229 3501 qumis-

253 3495 385 3574 sellium.
406 3498 460 3559 Sed
482 3500 605 3562 ariorum
628 3498 682 3560 hoc
705 3492 1103 3573 firjudicium.certe1psa
1124 3511 1153 3554 es
1173 3509 1230 3551 rm·

257 3576 423 3660 pudentia,
446 3579 497 3661 qui
518 3580 648 3641 intanta
663 3576 784 3660 persona
799 3592 862 3638 ram
879 3574 1032 3637 scurriliter
1047 3573 1135 3634 risum
1150 3587 1229 3660 quzg

256 3679 326 3722 ras.
347 3658 390 3719 Ar
410 3678 465 3748 ego
487 3660 541 3723 tibi
560 3660 644 3734 dico,
665 3675 694 3720 te
716 3658 825 3720 Virum
846 3654 1012 3744 Principeru
1033 3651 1161 3725 habere,
1174 3668 1228 3731 qur

256 3755 293 3802 re
316 3757 371 3817 pro
393 3753 450 3798 rurs
472 3738 529 3800 istis
545 3737 713 3820 turpissimis
731 3735 860 3800 ridiculis
881 3732 1033 3808 manbre,
1053 3747 1228 3820 uequrrurrta

255 3837 356 3905 quam
375 3839 395 3880 a
416 3817 526 3881 scurrili
547 3819 640 3882 mimo
659 3818 830 3884 Historiam.
848 3813 930 3879 suum
956 3811 1041 3878 scribi
1060 3820 1230 3949 permffiet.

543 3951 561 3985 s
