3000 4559
553 468 912 533 EPISTOLA'.
1109 472 1185 554 '157

248 564 352 635 ¹rnen,
380 547 545 612 &Gentile
558 551 703 632 cuiquam
730 548 823 612 videri
885 550 919 611 sle
945 546 994 610 ine
1014 550 1072 613 tius
1093 551 1217 615 conten·

252 631 324 692 dat.
346 629 392 691 Ut
402 629 542 692 continuo
565 630 680 704 videas,
699 648 764 712 quar
785 628 845 690 lllu
884 626 982 690 iliimae
1028 631 1135 693 amilite
1156 646 1214 694 tuae

249 710 291 789 'ab
314 707 372 770 istis
394 706 491 771 offusa
511 709 567 770 sint
587 708 728 780 tenebram
748 709 801 792 qui
822 707 1010 770 clarissimum
1031 708 1092 780 ejus
1107 730 1216 773 nomeu

251 808 324 853 cum
354 786 457 850 infima
486 789 577 851 etiarn
606 786 752 869 plebecula
780 788 995 850 communicare
1023 808 1083 851 non
1107 787 1219 851 dubita·

249 869 343 933 rint.
374 867 456 931 Nam
476 866 498 927 sr
517 868 663 932 Atestinus
684 869 724 932 est
745 888 781 929 ex
800 869 831 929 0
850 867 919 960 pido
941 867 1039 929 Ateste
1060 862 1220 959 [quemad

253 947 380 1012 modum
397 967 427 1010 re
453 967 523 1010 vera
546 946 612 1031 est]
633 946 704 1031 quid
724 888 857 1010 Leonelit
879 947 951 1022 tui,
980 947 1087 1023 Boriir,
1110 946 1222 1009 Hercu

254 1028 328 1104 les,
357 1026 498 1109 Alphonsi
519 1027 568 1090 vel
588 1047 606 1089 a
626 1027 789 1090 resarcitore
810 1026 945 1092 Atellino
964 1026 1120 1102 different,
1147 1026 1169 1087 st
1189 1046 1221 1088 o·

256 1127 342 1171 mnes
363 1106 466 1170 eodem
488 1105 820 1189 appellentutnomine?
840 1107 965 1182 Hercle,
984 1106 1142 1183 Herculea„
1158 1121 1221 1169 tem

257 1189 285 1262 js
307 1186 364 1249 erit
386 1185 533 1250 Atestinus
555 1208 590 1250 ex
607 1186 705 1249 Atesle
725 1189 755 1263 Ο
777 1187 862 1268 pido,
907 1187 937 1250 ui
947 1186 1157 1249 naviculariam
1173 1206 1223 1248 etr·

255 1282 364 1344 ercet,
393 1286 482 1348 quam
503 1281 536 1329 tu
558 1266 696 1329 secundus
759 1266 866 1329 ercules
916 1267 1111 1330 errariensrum
1139 1265 1221 1329 Prin·

252 1367 347 1430 ceps.
377 1346 544 1410 Franciscus
565 1348 667 1409 Frater
688 1344 741 1409 tibi
762 1345 824 1408 etl.
855 1345 885 1407 Is
907 1347 961 1409 hoe
981 1344 1057 1408 bello
1084 1345 1221 1409 adversus

257 1428 422 1501 Germanos
431 1425 547 1489 rebelles
557 1426 607 1488 sub
628 1426 852 1489 Caesaremeret.
873 1426 950 1502 Fac,
972 1426 1124 1515 Princeps,
1146 1423 1221 1487 utstt

255 1506 334 1570 alter
354 1505 521 1569 Franciscus
541 1527 576 1568 ex
594 1505 692 1569 Ateste
711 1504 972 1597 Oppido,virnon
980 1504 1135 1586 ignobilis,
1154 1503 1222 1585 qui·

255 1606 314 1670 que
334 1584 384 1650 sub
404 1586 507 1650 eodem
529 1585 638 1649 Caesare
662 1585 716 1648 hoc
737 1587 801 1667 ipso
821 1584 899 1648 bello
919 1600 1049 1656 mereat3
1072 1584 1220 1658 hommu-

256 1682 360 1748 terque
381 1686 423 1728 tes
445 1665 576 1730 Historia
595 1665 697 1756 dignas
718 1663 763 1729 sac
782 1684 863 1748 aeque
885 1682 918 1727 ut
938 1680 1045 1748 gerat3
1072 1683 1170 1747 quaero
1189 1682 1220 1724 e·

258 1765 318 1828 go,
338 1765 405 1809 cum
426 1746 560 1808 Historiae
581 1747 710 1828 scriptor
729 1746 766 1807 ad
787 1744 920 1808 Fratrem
941 1762 1025 1808 tuum
1041 1742 1221 1825 pervenerit,

280 1825 310 1886 ui
333 1846 400 1888 eum
421 1821 459 1886 ab
478 1825 531 1890 illo
552 1825 723 1900 discernet,
744 1825 765 1887 st
787 1841 906 1908 uterque
927 1825 1030 1888 iisdem
1052 1821 1220 1886 nominibus

311 1901 490 1981 Francisco,
520 1905 550 1968 δι
579 1906 712 1971 Atestino
733 1905 893 1988 appelletur
907 1913 925 1970 ἒ.
948 1903 1098 1988 Siquidem
1119 1925 1152 1967 ea
1177 1922 1220 1964 ra·

259 1985 340 2048 tione
362 1983 528 2049 hominibus
549 1987 671 2048 nomina
692 1982 754 2065 [ur
773 1999 887 2048 ceteras
908 2005 952 2048 res
973 1983 1141 2072 omittam]
1163 1983 1220 2043 itn·

260 2082 435 2148 ponuntur,
464 2080 497 2125 ut
520 2065 640 2146 quisque
661 2064 712 2126 suo
732 2079 810 2127 certo
838 2063 982 2127 vocabulo
1002 2084 1020 2125 a
1041 2079 1148 2124 caeterrs
1177 2060 1221 2123 dio

261 2145 430 2226 gnoscatur.
449 2143 508 2205 Hic
530 2143 673 2224 expedio,
694 2158 727 2205 ut
743 2143 788 2206 isli
809 2142 885 2204 mihi
907 2142 1031 2216 dicant,
1075 2162 1111 2203 ua
1130 2140 1221 2201 ratio-

260 2244 296 2287 ne
315 2224 443 2306 Scriptor
466 2224 519 2284 lios
541 2221 734 2296 discreverit,
765 2223 887 2304 sterque
908 2237 1028 2302 uterque
1103 2217 1222 2278 Franci·

257 2303 338 2385 scus,
360 2303 391 2365 δι
405 2301 551 2364 Atestinus
560 2296 745 2362 nominetur?
769 2301 812 2361 Ut
822 2298 875 2360 hac
897 2316 1015 2388 quoque
1030 2296 1144 2358 ratione
1157 2315 1219 2357 ma*

256 2381 357 2446 nifelle
377 2379 502 2455 videas,
530 2396 581 2442 aut
602 2378 675 2441 alios
695 2377 726 2438 in
748 2393 829 2440 tuam
861 2377 1019 2439 Familiam
1040 2376 1161 2467 indigne
1180 2377 1219 2437 ir*

257 2482 382 2542 repere,
402 2474 453 2522 aut
479 2474 506 2520 te
528 2479 547 2527 a
569 2456 702 2520 Familia
724 2473 780 2520 tuae
800 2455 954 2521 clarisfimo
974 2457 1094 2520 nomine
1114 2474 1146 2517 in
1167 2474 1220 2535 op-

281 2541 433 2602 idanorum
453 2559 560 2601 nomen
582 2538 713 2602 transire.
734 2539 833 2620 Atque
854 2537 908 2600 hoc
919 2537 954 2602 de
974 2537 1046 2601 viris
1062 2536 1117 2597 est.
1138 2537 1219 2611 Qua·

257 2561 279 2683 ξ
300 2640 370 2682 vero
388 2640 449 2682 non
470 2617 603 2682 fremellae
626 2637 742 2702 quoque
761 2637 868 2681 nomen
903 2617 960 2682 hoc
980 2617 1044 2699 peri
1064 2616 1222 2700 sequantur

257 2701 386 2763 ratione.
407 2701 488 2763 Nem
508 2700 652 2784 srquaerat
674 2698 710 2760 de
731 2697 836 2779 quavis
853 2697 913 2769 ejus
935 2697 1045 2780 Oppidi
1066 2695 1220 2758 muliercu-

257 2779 308 2855 la,
328 2799 391 2862 quae
410 2780 500 2843 etiam
521 2780 552 2842 δι
567 2779 658 2851 lana,
679 2778 711 2842 δι
736 2779 803 2843 colo
823 2777 936 2842 vitium
959 2776 1118 2860 queritet,
1138 2776 1220 2846 cuiae

254 2880 294 2920 ea
314 2859 362 2933 stt,
375 2861 522 2923 continuo
542 2859 570 2921 se
591 2858 751 2921 Atestinam
771 2857 825 2923 elle
844 2855 1041 2940 respondebit.
1063 2855 1104 2919 Et
1121 2854 1142 2917 d
1157 2858 1220 2916 An·

256 2959 297 3001 na
318 2932 396 3000 Filia
424 2954 475 3000 tua
493 2938 585 3019 Regia
613 2937 735 3001 foemina
763 2940 826 3019 pari
853 2940 967 3000 rarione
995 2938 1222 3016 interrogetur,

258 3038 318 3102 qua
338 3037 374 3079 ex
396 3018 492 3079 Geute
512 3015 564 3091 fit,
586 3016 687 3079 eodem
707 3017 827 3079 nomine
847 3015 1027 3097 respondebit
1046 3035 1056 3085 ;
1076 3028 1150 3075 certe
1169 3031 1222 3072 ne·

281 3118 316 3160 ue
336 3117 372 3158 ex
392 3093 557 3177 dignitate,
578 3114 715 3177 nequeex
736 3095 844 3159 veroid
864 3095 929 3157 fiet.
950 3096 993 3156 At
1013 3092 1059 3154 illi
1068 3091 1223 3173 inquient,

257 3117 367 3240 dentis
387 3175 515 3267 dignitas
535 3173 663 3236 nominis
682 3174 893 3236 communitate
914 3193 974 3235 non
996 3170 1222 3250 corrumpitur.

257 3257 368 3340 Neque
388 3276 468 3317 enirn
490 3269 644 3337 propterea
663 3253 742 3337 quod
762 3251 862 3318 Clodii
884 3268 941 3315 tres
966 3251 1074 3313 sorores
1097 3247 1224 3329 turpissi-

262 3355 310 3399 me
332 3336 486 3411 vixerint,
517 3335 676 3425 quicquam
696 3332 732 3395 de
755 3332 846 3414 Appii
866 3330 942 3395 Caeci
963 3329 1104 3411 dignitate
1126 3328 1225 3392 detra,

260 3415 342 3479 erum
363 3415 403 3479 esl
420 3437 430 3487 3
449 3431 484 3477 ut
505 3413 560 3477 hoc
580 3413 657 3476 nihil
679 3413 738 3488 srt,
765 3411 845 3496 quod
866 3410 1013 3474 interdum
1031 3409 1120 3472 etiarn
1141 3408 1222 3471 mul·

259 3511 326 3559 tum
345 3495 400 3558 else
421 3495 517 3569 solet,
538 3492 660 3576 [neque
682 3493 762 3556 enim
783 3510 913 3574 unquam
933 3487 1097 3553 Catilinam
1117 3488 1223 3552 Fami·

260 3574 308 3639 liar
329 3573 384 3638 sua
405 3591 597 3650 ornamento,
617 3593 712 3657 neque
733 3588 837 3635 contra
856 3571 1020 3634 Lucretiam
1042 3569 1222 3652 turpitudini

257 3653 342 3718 luisse
362 3653 563 3736 convincent]
582 3654 654 3736 quid
674 3652 710 3715 ad
729 3652 811 3716 vocis
832 3647 1002 3715 rationem?
1024 3652 1106 3714 Num
1126 3650 1219 3713 etiam

258 3734 403 3799 obstinate
422 3755 472 3816 per
491 3751 539 3797 ent
561 3752 673 3810 tenere,
694 3732 771 3795 idem
792 3731 823 3794 &
842 3730 945 3794 Patrice
965 3775 975 3805 ,
995 3729 1145 3793 &Gentis
1167 3748 1224 3789 no·

257 3835 332 3880 men
352 3817 406 3880 elle
425 3755 528 3897 pade?
559 3814 642 3879 Num
664 3811 783 3883 tandem
810 3809 921 3878 efficere
947 3808 1166 3946 commupe,r
1182 3819 1224 3865 ue
1292 3898 1296 3905 ι
