3000 4559
384 462 426 529 ἰδ
601 451 861 527 B'Alll'llnt:
882 459 1054 524 RICCH

336 546 471 610 *viriliter
496 541 706 610 imitabuntur.
733 547 760 606 ll
787 561 912 626 quorum
941 540 1101 606 resliffimis
1117 537 1312 624 opinionibus

342 626 422 689 nihil
449 643 503 689 vos
524 642 665 708 quoque,
691 623 784 765 {qua
801 623 893 686 uestra
911 622 952 686 est
971 621 1148 705 prudentia,
1165 623 1204 685 .&
1225 623 1309 705 aequi·

338 705 418 846 nass]
438 705 644 788 discrepaturos
665 705 724 786 ipe
743 703 888 766 existimat
903 748 913 781 ,
930 722 985 780 ae,
1003 722 1067 787 qua
1083 702 1114 763 in
1135 703 1250 765 caeteris
1267 701 1308 764 de·

339 784 514 848 senonibus
535 785 590 848 alii
613 805 631 847 a
650 782 734 848 vobis
754 784 890 847 omnibus
913 784 1071 866 precibus,
1094 802 1127 845 ac
1148 781 1307 864 lachrymis

339 885 460 929 exorare
481 866 642 942 solent,ea
661 884 716 929 vos
738 864 832 927 vestra
849 863 952 948 sponte
972 862 1308 936 libentislimi's'animis‚

338 944 572 1010 eoncordiffimis
601 943 749 1009 sententiis
772 989 783 1022 ,
810 945 837 1009 se
860 959 1006 1021 tacente,
1033 942 1086 1004 fibi
1106 939 1307 1005 delaturoses·

337 1026 371 1089 se
387 1025 513 1092 confidit
534 1047 544 1099 3
569 1044 664 1110 neque
694 1025 726 1087 id
745 1025 824 1107 quod
853 1044 872 1086 a
898 1020 999 1088 vestris
1018 1023 1127 1105 jugulis
1147 1019 1306 1085 eruentissi-

339 1126 423 1174 mam
445 1105 530 1167 illam
557 1107 644 1168 ficem
672 1106 836 1187 eripuerit,
858 1106 911 1196 qui
930 1102 1037 1166 suriam
1058 1101 1194 1165 incendia
1208 1103 1244 1164 in
1264 1121 1305 1164 ue·

240 1182 244 1195 '
340 1186 405 1249 stris
424 1185 511 1249 bonis
526 1188 708 1249 excitantem
723 1186 911 1261 extinxerit,
931 1185 1016 1267 qui‚·
1039 1202 1082 1245 uae
1101 1183 1207 1246 vestris
1225 1180 1304 1245 sami·

338 1263 389 1329 liis
410 1266 644 1348 impendebant,
665 1282 755 1351 atque
776 1266 835 1338 jam
853 1264 1000 1340 aderant,
1063 1284 1139 1344 pra,
1171 1261 1304 1325 uiolatio

337 1364 392 1409 net
409 1391 419 1422 ,
436 1346 600 1424 dedecora,
621 1346 846 1428 turpitudines,
866 1364 902 1406 ea
923 1343 1006 1407 vobis
1023 1344 1115 1405 etiam
1135 1342 1302 1405 dormienti·

335 1424 391 1488 bus
412 1444 476 1488 non
495 1427 586 1489 solum
608 1426 815 1508 propulsavit,
836 1424 1049 1488 verumetiam
1070 1423 1200 1498 delevit,
1223 1437 1302 1503 atque

335 1502 499 1588 sepelivit,
526 1525 616 1582 non,
644 1507 796 1589 inquam,
826 1522 945 1587 propter
964 1505 1023 1567 haee
1048 1503 1152 1565 omnia
1171 1502 1231 1567 hoc
1249 1502 1312 1562 exi·

337 1584 413 1648 lium
439 1607 462 1648 a
481 1586 605 1649 vobisd
642 1602 779 1662 necatur,
802 1585 856 1648 etsr
874 1583 1000 1648 omnino
1019 1584 1054 1646 in
1075 1583 1199 1660 Patria,
1222 1598 1253 1643 at
1274 1601 1301 1642 ue

238 1695 240 1700 s
334 1664 514 1743 nobiscum,
534 1667 556 1727 si
575 1667 603 1727 ei
637 1667 710 1730 ieeat
731 1686 781 1747 per
800 1666 883 1727 suam
904 1666 1046 1727 virtutem
1065 1665 1187 1738 viuere,
1202 1602 1299 1730 main

335 1760 440 1806 tamen
457 1746 602 1827 quoniam
624 1746 768 1828 intelligit
782 1766 905 1808 omnem
923 1743 1036 1805 Orbem
1058 1761 1202 1805 terrarum
1219 1759 1300 1803 unam

334 1824 478 1886 omnibus
497 1824 607 1886 Urbem
627 1825 704 1902 else,
723 1845 822 1907 neque
843 1825 947 1888 virtuti
969 1824 1044 1886 ullos
1065 1821 1300 1885 terreremus

338 1901 479 1984 praescribi
500 1904 600 1985 polle,
618 1906 694 1987 quin
714 1904 823 1988 ubique
843 1925 878 1968 ea
897 1905 956 1980 sit,
975 1925 1013 1966 ea
1034 1903 1076 1966 sui
1093 1903 1128 1963 srt
1147 1898 1301 1982 semperb

335 1982 438 2052 milist
451 2002 548 2066 neque
568 1984 646 2046 hanc
665 1984 800 2047 'locorum
813 1984 1047 2047 commutatione
1067 1983 1230 2064 quicquam
1244 1998 1300 2040 mu

333 2063 418 2139 tari,
438 2065 538 2126 minus
557 2064 645 2128 uobis
660 2109 669 2141 ‚
685 2085 723 2126 ac
744 2064 908 2127 charissima
927 2053 1027 2127 Patria
1048 2081 1144 2124 catere
1166 2061 1194 2122 ei
1216 2057 1299 2121 molt·

335 2143 412 2206 llum
431 2143 503 2207 erit.
523 2139 562 2205 ld
584 2144 703 2227 quidem
725 2143 892 2227 gravissime
912 2141 984 2206 seret
1002 2187 1016 2220 ,
1037 2141 1117 2225 quod
1139 2141 1202 2202 hac
1224 2137 1299 2221 ltetp

333 2221 392 2285 ltoc
408 2222 474 2314 ipso
497 2221 578 2286 *sablo
596 2224 677 2287 male
702 2223 740 2288 fit
764 2224 899 2287 auditura
917 2267 928 2300 ,
957 2242 1021 2305 qua
1039 2241 1111 2284 eum
1130 2220 1269 2293 Virum,
1284 2236 1299 2278 a

330 2320 397 2384 quo
416 2303 650 2366 incolumitatem
671 2305 754 2366 suam
774 2306 909 2387 accepille
924 2305 1036 2366 constat
1052 2346 1061 2376 ,
1078 2299 1191 2372 ejecill'e
1213 2297 1300 2365 vi&-

333 2396 409 2458 tur,
483 2404 520 2446 ue
537 2404 634 2446 exea
651 2384 731 2447 Urbe
747 2402 819 2447 eum
839 2384 979 2447 excludat
996 2427 1008 2459 ,
1028 2382 1080 2465 qui
1102 2378 1153 2442 sua
1172 2379 1299 2449 virture,

324 2461 432 2526 utsii
481 2464 542 2526 ives
562 2465 594 2526 in
615 2483 651 2525 ea
669 2480 739 2527 tuto
758 2465 889 2526 habitare
908 2465 1047 2546 possent,
1070 2461 1120 2523 sua
1139 2461 1248 2541 sponte
1265 2455 1299 2520 es

326 2539 417 2603 fecit.
438 2544 528 2619 Quod
549 2559 648 2605 tamen
668 2560 787 2605 tantum
807 2543 887 2605 abest
907 2589 916 2620 ,
937 2559 970 2605 ut
990 2542 1021 2603 id
1041 2539 1213 2623 pall'urasit
1233 2585 1243 2616 ,
1268 2552 1298 2599 ut

330 2621 393 2691 eius
417 2622 507 2683 cadis
526 2622 652 2686 caussam
670 2640 796 2684 omnem
816 2623 849 2683 in
870 2622 897 2685 se
916 2623 1088 2704 recipient,
1113 2641 1173 2682 uos
1198 2637 1298 2682 omnes

330 2713 441 2781 roget,
461 2701 543 2762 urei
561 2702 735 2782 ignoscatis,
748 2719 841 2783 atque
861 2723 898 2764 ex
914 2703 971 2764 hoc
993 2704 1089 2765 uestro
1104 2699 1217 2772 judicio
1231 2717 1298 2780 qua·

328 2778 355 2840 ‚si
375 2779 607 2863 triumphantem
634 2781 673 2842 ad
696 2782 761 2843 suos
780 2781 852 2843 lares
868 2782 1014 2844 emittatis
1036 2826 1046 2856 ,
1066 2801 1158 2863 quam
1176 2799 1236 2862 ego
1255 2775 1297 2838 his

218 2866 222 2875 '
333 2855 460 2921 vocibus
477 2859 560 2941 apud
580 2877 636 2923 vos
656 2878 712 2942 pro
730 2881 768 2923 eo
788 2877 925 2944 agentem
945 2861 1045 2924 audire
1064 2860 1185 2922 uideor.

337 2980 341 2985 -
361 2934 1299 3031 ·Equidem,uquiffimiIudices,ipsaP.Clodiumameoeeisun

332 3014 386 3081 esse
405 3015 516 3081 fateor.
543 3020 697 3102 Siquidem
715 3020 742 3082 is
764 3040 831 3083 vere
857 3022 988 3104 aliquem
1005 3019 1141 3083 occidisse.
1165 3018 1299 3089 dicitur,

330 3098 385 3182 qui
401 3098 465 3170 ejus
483 3099 589 3162 mortis
607 3099 734 3162 caussam
750 3099 860 3171 dedit:
887 3101 936 3164 sed
956 3121 1017 3162 non
1038 3117 1101 3162 tam
1131 3098 1162 3160 id
1184 3096 1296 3169 fateor,

251 3203 255 3210 ’
325 3176 412 3318 -pttod
431 3196 533 3241 omnes
553 3179 658 3257 scitis,
676 3198 769 3264 quam
786 3180 818 3242 id
833 3183 928 3243 etiam
946 3201 1012 3242 mea
1030 3178 1144 3241 summa
1160 3197 1237 3240 eum
1251 3195 1297 3237 vo·

346 3273 451 3338 uptate-
474 3257 587 3321 fastum
604 3257 726 3337 fateor,
757 3277 850 3343 atque
866 3261 971 3324 testor.
999 3263 1108 3336 Quot,
1129 3279 1166 3320 ac
1187 3269 1301 3340 quanta,

327 3335 455 3399 vulnera
479 3338 559 3400 :milri
582 3338 710 3403 Clodlus
735 3339 788 3402 die
804 3359 823 3416 ,‘
842 3341 993 3423 nostuque
1017 3340 1130 3411 domi,
1147 3335 1250 3412 soris,
1269 3333 1295 3394 in

330 3413 486 3506 profanis,
508 3418 541 3479 in
560 3419 644 3481 sacris
663 3419 736 3482 locis
755 3419 923 3496 indixerit,
941 3419 1010 3503 quis
1029 3415 1209 3482 recensebit?
1241 3414 1297 3475 Hie

330 3495 553 3585 m'l'rrbunatu
580 3499 632 3561 suo
651 3499 785 3562 erarium
813 3500 972 3578 exhausit,
1001 3499 1167 3581 provincias
1198 3490 1297 3559 vendi·

329 3572 401 3650 dit,
420 3574 526 3659 Regna
543 3577 673 3656 ademit,
690 3599 785 3662 eaque
806 3579 914 3642 iterum
934 3580 991 3642 suis
1014 3579 1144 3661 Regibus
1155 3576 1296 3657 redimen-

324 3651 368 3714 da
387 3656 535 3744 qoneeffit.
557 3658 653 3720 Nulla
668 3658 709 3720 ab
728 3659 815 3730 huius
836 3658 981 3722 violentia
998 3675 1074 3722 ruta·
1085 3657 1216 3730 judicia3
1235 3652 1298 3716 nul·

325 3728 361 3793 la
381 3732 470 3798 libera
489 3737 623 3799 Comitia
644 3759 653 3808 3
670 3739 810 3802 omnium
828 3737 976 3802 sententiae
998 3741 1086 3802 minis
1104 3778 1119 3816 ,·
1134 3754 1220 3799 metu
1236 3779 1246 3810 ‚
1264 3732 1295 3793 ui

220 3782 489 4072 wfonupta.
505 3816 598 3895 Quod
617 3816 800 3885 soliuirtuti
817 3819 975 3890 <ommim-
986 3819 1102 3887 deberet
1117 3863 1127 3897 ,
1147 3818 1242 3958 huju}
1255 3815 1296 3876 in·

339 3954 342 3959 .
365 3924 370 3929 ·
1239 3917 1258 3957 o
