3000 4559
521 463 933 524 ORATIONE&
1128 465 1170 543 ᾧ

248 562 331 629 itque
353 543 535 625 imperando,
560 544 687 627 quique,
706 542 787 633 quod
805 541 889 603 semel
908 541 1084 617 decreverit,
1104 546 1135 607 id
1152 566 1207 626 pm

248 625 344 689 effesto
366 624 455 687 velit.
476 624 583 705 Neque
602 624 680 684 enim
703 623 751 685 hic
772 640 826 685 aut
846 623 941 683 secum
963 621 1126 698 discordat,
1153 642 1207 689 aar

248 705 279 767 td
300 702 471 786 cuiusquam
492 703 610 765 alterius
629 703 803 765 sententiam
819 702 902 763 luam
918 718 1082 763 commutat
1099 704 1210 765 senarii-

248 784 344 854 tiam;
373 784 526 865 multoque
547 784 645 844 minus
666 799 808 856 vetetur,
836 802 872 843 ne
899 802 918 842 a
945 780 1031 842 sociis
1060 782 1091 841 in
1113 784 1209 847 medio

248 861 383 927 conflictu
403 862 599 938 destituatur,
626 880 716 945 atque
742 863 803 933 jam
832 880 916 942 parta
935 860 1061 923 ritlnria
1082 861 1209 923 hostibus

248 942 378 1013 scelerate
396 944 553 1027 prodatur,
587 962 621 1004 ac
650 941 799 1005 mauiselle
826 941 984 1003 offeratur.
1013 944 1088 1017 Quae
1109 943 1212 1003 omnia

248 1045 310 1087 euru
333 1025 430 1105 perse
451 1022 513 1112 [ut
535 1021 672 1104 videtis]
692 1023 747 1085 sint
768 1023 924 1097 maxima,
944 1042 977 1083 ae
999 1021 1106 1111 quibus
1127 1022 1210 1083 nulia

248 1123 285 1177 tes
308 1120 370 1167 tam
401 1104 527 1165 difficilis
555 1123 702 1164 occurrere
730 1102 840 1185 possit,
866 1101 941 1187 quin
970 1099 1112 1163 facillima
1139 1100 1211 1171 fin,

248 1203 302 1257 una
324 1201 423 1247 tamen
443 1180 576 1257 sortuna,
596 1202 661 1252 nuae
681 1184 712 1245 in
728 1183 863 1245 omnibus
881 1183 983 1257 rebus,
1003 1181 1157 1263 prasertim
1175 1182 1208 1243 in

248 1262 354 1325 bellicis
375 1263 514 1337 maxime,
522 1262 708 1339 dominatur,
728 1265 773 1326 ita
791 1285 859 1325 cum
882 1264 966 1334 hujus
986 1264 1121 1341 potentia
1138 1281 1209 1324 con·

248 1343 344 1415 iundla
373 1345 440 1417 est,
468 1343 567 1424 itaque
589 1343 656 1403 huic
676 1343 795 1417 studet,
823 1360 913 1424 atque
940 1342 1146 1421 obtemperat,
1175 1358 1209 1403 ut

248 1423 321 1505 quasi
342 1444 377 1485 ea
397 1442 514 1505 quoque
535 1422 578 1482 illi
599 1443 696 1503 parere
716 1423 866 1484 videatur.
887 1423 982 1484 Seitur
1002 1424 1100 1498 enim,
1120 1438 1210 1501 atque

248 1502 339 1564 nostro
360 1523 468 1582 magno
489 1522 556 1563 cum
576 1504 709 1563 omnium
730 1500 830 1563 dolore
853 1504 966 1576 scitur,
986 1501 1073 1562 illum
1093 1500 1209 1563 nullum

248 1578 302 1643 sere
325 1581 433 1645 beilum
454 1581 622 1663 suscepisse,
649 1582 729 1665 quod
750 1582 841 1643 etiam
863 1582 1010 1656 feliciter,
1037 1598 1154 1662 atque,
1175 1598 1209 1643 ut

248 1660 340 1722 secum
363 1661 463 1723 animo
482 1663 695 1738 constituerat,
721 1682 788 1725 cum
811 1664 925 1725 summa
944 1663 1040 1742 gloria
1061 1681 1120 1723 uon
1141 1681 1212 1723 ton·

248 1739 370 1811 secerit3
399 1757 431 1803 ut
458 1742 545 1804 etiem
566 1741 587 1802 si
607 1739 681 1803 sorte
702 1743 863 1825 aliquando
883 1744 942 1803 lraec
964 1743 1008 1804 illi
1029 1762 1091 1803 nnn
1110 1739 1213 1801 arnse·

250 1821 307 1895 rit,
331 1820 482 1882 vitioriam
507 1843 541 1882 ue
564 1823 595 1884 in
615 1843 721 1885 manus
740 1844 801 1885 non
823 1823 997 1897 tradiderit,
1017 1842 1077 1885 nnn
1098 1822 1143 1883 ita
1163 1838 1206 1882 ta·

252 1919 312 1961 men
334 1920 399 1961 eum
420 1843 559 1962 asflillum
581 1901 761 1978 destituerit,
781 1921 814 1966 ut
836 1904 923 1984 paula
943 1905 1006 1985 post
1023 1904 1054 1963 in
1076 1922 1209 1983 pugnam

251 1979 357 2053 redire,
389 2001 557 2063 novumque
577 1980 687 2044 bellum
707 2004 875 2064 comparare
897 2006 956 2045 non
978 1982 1063 2044 ausus
1085 1981 1146 2056 fi:,
1175 1981 1208 2041 fi·

253 2060 306 2127 euti
328 2080 403 2122 nune
423 2059 572 2124 vobiscum
593 2064 673 2142 agit,
693 2083 768 2143 quos
789 2063 828 2123 ab
842 2061 952 2123 afflicta
967 2061 1121 2141 superioris
1137 2060 1210 2121 anni

253 2137 284 2198 acl
307 2139 443 2202 Melitam
465 2140 602 2214 fortuna,
621 2141 717 2201 multo
735 2142 825 2202 etiam
847 2146 975 2220 paratior
990 2140 1098 2201 adoriri
1117 2141 1213 2201 mina·

256 2232 312 2278 tur.
335 2218 451 2294 Quibus
466 2219 577 2279 duabus
596 2218 677 2279 rebus
694 2221 866 2298 jampridem
883 2222 976 2281 veteri
999 2217 1130 2295 Imperio
1147 2237 1212 2295 pro-

254 2314 284 2375 pe
304 2314 398 2359 totam
421 2297 545 2370 Asiam,
566 2295 669 2358 Africa
691 2318 786 2372 vero,
813 2316 903 2378 atque
922 2297 1048 2376 Europa
1068 2314 1128 2355 non
1149 2314 1214 2374 par·

254 2394 315 2437 vam
339 2392 451 2455 partem
471 2376 603 2444 adjunxit
622 2421 632 2434 .
648 2374 763 2451 Quibus
785 2394 884 2439 autem
913 2397 973 2439 nnn
994 2377 1144 2455 imperat,
1174 2375 1212 2436 ab

255 2451 285 2515 iis
306 2476 435 2517 annuum
459 2454 601 2516 tributum
621 2454 732 2536 exigit3
754 2473 788 2518 ut
808 2477 882 2539 quos
903 2458 954 2520 suo
970 2456 1091 2518 nomine
1110 2450 1211 2536 [quid

256 2535 328 2603 enim
350 2535 495 2615 amplius,
515 2551 566 2597 aut
586 2537 705 2616 gravius
725 2535 783 2598 dici
805 2537 915 2617 potest?
934 2536 947 2618 ]
968 2537 1006 2599 ab
1026 2534 1162 2599 omnibus
1180 2556 1212 2597 o-

257 2616 363 2683 utuium
384 2615 498 2686 iniuriis
521 2631 626 2690 tutet,
652 2634 742 2698 atque
761 2616 862 2678 illaesos
884 2617 1057 2681 conservet.
1082 2617 1156 2690 Quae
1177 2637 1210 2677 ο-

258 2695 348 2771 mnia,
389 2711 510 2758 uantum
530 2697 584 2758 hoc
599 2693 708 2758 bellum
725 2695 854 2760 suturum
872 2699 924 2773 sit,
944 2696 1029 2760 facile
1041 2695 1209 2776 declarant,

259 2789 286 2835 ut
303 2715 387 2856 quod
399 2797 417 2837 a
436 2775 633 2856 potentissimo
654 2778 753 2859 Rege,
772 2795 825 2840 aut
837 2779 938 2861 gloriae
958 2777 1119 2861 cupiditate
1137 2778 1208 2839 alle·

261 2848 314 2929 uo,
332 2872 384 2918 aut
407 2855 530 2917 habendi
552 2857 693 2919 aviditate
715 2859 827 2933 traslo,
848 2878 900 2921 aut
919 2860 1046 2920 delendae
1068 2858 1210 2932 macula,

260 2947 336 3009 quam
357 2935 394 2997 ad
415 2935 552 2996 Melitam
581 2953 745 3016 acceperat,
773 2938 908 3018 flagranti
927 2939 1082 3010 desiderio,
1103 2937 1151 2997 rel
1174 2937 1207 2997 fi-

261 3014 313 3075 mut
330 3014 368 3077 ab
388 3015 523 3076 omnibus
543 3034 610 3076 cum
630 3036 680 3091 ea,
723 3039 791 3079 uam
812 3019 958 3092 diximus,
979 3016 1101 3079 sortunae
1116 3012 1209 3075 selici·

263 3100 312 3176 tate
331 3112 425 3157 totum
448 3092 660 3176 proficiscitur.
719 3116 757 3156 aec
778 3116 847 3157 vero
866 3099 901 3158 de
924 3096 1130 3185 magnitudine
1149 3090 1210 3153 bel·

264 3163 296 3229 h·
313 3176 399 3236 Nunc
419 3173 454 3234 de
477 3171 641 3234 neceffitate
660 3193 753 3252 pauca
771 3174 891 3235 dicam.
920 3173 1016 3244 Huius
1038 3189 1137 3235 autem
1158 3171 1212 3235 du·

262 3244 314 3322 pler
327 3275 417 3336 genus
437 3251 495 3313 est.
514 3252 649 3315 Alterum
669 3272 789 3328 eorum,
809 3273 872 3335 quae
887 3251 971 3313 aliter
991 3250 1053 3315 sieri
1070 3272 1130 3312 non
1146 3251 1210 3332 pos·

264 3322 342 3409 sunt,
369 3352 403 3397 ut
424 3335 476 3415 qui
499 3332 589 3394 semel
609 3346 697 3395 natus
718 3332 751 3393 sit
774 3332 825 3408 ,is
847 3331 1031 3413 aliquando,
1051 3348 1085 3397 ut
1104 3333 1210 3395 moria·

264 3416 318 3487 tut,
336 3413 440 3491 neeesse
461 3412 515 3483 est3
538 3413 689 3487 alterum,
707 3432 776 3474 cum
796 3433 838 3474 res
860 3413 903 3475 ita
921 3429 1030 3494 urget,
1051 3430 1085 3479 ut
1103 3433 1210 3494 parum

265 3503 280 3546 ἃ
299 3495 457 3557 necessitate
476 3493 578 3554 distare
598 3493 749 3567 videatur,
772 3510 805 3554 ut
826 3493 857 3553 in
874 3493 947 3568 hoc,
967 3493 1077 3578 dequo
1093 3495 1210 3576 agitur,

265 3559 345 3636 hello.
368 3576 450 3636 Nam
466 3593 533 3637 cum
548 3573 660 3637 duobus
676 3573 773 3635 modis
789 3572 898 3641 bellum
916 3592 1046 3655 geratur,
1063 3576 1208 3651 alterum,

264 3662 320 3729 tutu
340 3654 393 3737 ipfi
414 3653 582 3725 inserimus3
604 3658 750 3731 alterum,
766 3652 923 3716 cumnobis
943 3653 1084 3727 insertur,⁸
1103 3652 1208 3717 insera-

262 3739 337 3810 ἕως,
358 3755 411 3807 nec
433 3756 486 3811 ne,
506 3734 538 3796 in
558 3734 652 3796 nostra
673 3755 764 3826 manu
786 3733 909 3825 positum
929 3734 986 3806 ell3
1007 3737 1086 3819 qnod
1109 3750 1210 3798 autem

259 3808 401 3893 lasertur,
427 3836 488 3879 non
507 3814 573 3877 ita.
599 3818 662 3880 Aut
681 3836 762 3885 emm
782 3815 814 3879 id
833 3813 1042 3897 suscipiendum
1060 3817 1126 3952 esth,
1138 3827 1209 3948 stfiut

693 3910 700 3926 ·
1117 3911 1135 3950 ο
1160 3910 1171 3948 i
