3000 4559
330 494 389 553 ¹34
549 471 801 535 BARTHOL.
830 463 992 530 RlCCll

286 553 408 629 iecisset?
430 554 475 617 illi
496 553 546 616 sua
565 572 656 614 manu
677 551 816 633 laqueum
836 544 1042 611 contexuisset?
1062 544 1243 610 constrinxis-

286 635 346 700 set?
366 656 425 697 non
448 635 543 716 potius
565 631 614 724 [fi
635 630 665 692 id
686 631 810 692 omnino
826 628 872 693 illi
892 629 924 689 in
945 642 1075 689 mentem
1096 625 1245 708 veniret]

285 737 354 779 eum
375 716 454 795 prius
476 714 615 779 Venetrar
634 709 809 773 accivillet?
838 726 891 772 aut
909 708 1017 790 quovis
1035 707 1173 786 gentium
1193 708 1245 769 im·

286 792 419 878 pulillet?
440 814 477 856 ne
496 810 529 856 ru
549 794 580 853 in
601 809 669 853 eum
689 807 752 853 tam
774 790 858 852 facile
878 808 981 849 manus
1002 787 1122 857 injicere
1137 783 1246 875 polles?

286 896 377 958 quam
396 892 463 938 cum
483 874 508 935 is
528 871 575 934 hic
594 873 681 945 effer,
699 870 778 955 quali
785 871 845 942 jam
865 870 896 930 in
918 886 1057 929 carcerem
1079 862 1245 935 contedlus?

286 955 442 1036 praesetrim
463 972 529 1014 cum
551 952 611 1020 eius
631 970 749 1030 operam
770 951 801 1012 in
822 951 879 1011 hoc
900 947 1000 1009 scelere
1019 946 1092 1007 huic
1112 945 1166 1008 ulli
1183 944 1242 1007 ului

286 1035 413 1110 venire,
442 1050 537 1114 neque
558 1031 609 1093 iste
627 1027 826 1092 infimularit?
849 1030 916 1091 Hoc
935 1043 990 1089 tuo
1010 1025 1149 1102 judicio,
1167 1024 1242 1087 Prin·

285 1134 367 1195 ceps,
390 1113 542 1191 relinou03
563 1129 596 1172 tu
616 1112 720 1172 animo
739 1126 792 1171 tuo
811 1110 898 1184 vide,
917 1124 1017 1169 utrum
1038 1107 1241 1195 tantazimpru·

283 1193 386 1254 dentia
405 1194 437 1253 in
467 1188 718 1272 prudentillrmum
746 1189 875 1265 virum,
904 1186 984 1256 cuius
1005 1185 1239 1249 confiliotutin

283 1287 369 1334 tanto
391 1272 511 1363 negotio
530 1271 570 1334 uli
591 1272 697 1346 ellent,
717 1269 817 1331 cadere
836 1268 988 1350 potuillet,
1008 1267 1075 1329 Vos
1094 1286 1183 1341 vero,
1201 1265 1239 1327 ri·

282 1354 308 1413 ri
327 1350 546 1428 FerrarrenseS,
573 1351 738 1434 quicunque
760 1349 849 1424 estis,
871 1348 925 1430 qui
946 1362 1062 1409 tantum
1085 1345 1176 1408 stelus
1195 1365 1239 1408 rc*

279 1432 344 1493 uris
364 1432 471 1493 animis
490 1453 545 1493 con
599 1430 685 1506 istis,
711 1430 764 1510 qui
795 1446 911 1491 rantum
933 1426 1027 1490 Princi
1065 1446 1097 1487 m
1117 1424 1238 1488 restrum

279 1511 436 1573 demedio
457 1528 519 1573 tam
540 1533 560 1573 n
589 1512 647 1572 arie
667 1510 831 1572 tollendum
850 1507 1006 1587 ellecogit
1049 1507 1072 1566 's
1089 1549 1101 1579 ,
1119 1526 1174 1586 pm
1191 1525 1239 1567 cun·

226 1600 229 1606 '
278 1591 325 1660 juo
352 1591 444 1653 salute
470 1592 611 1665 vestram,
632 1590 848 1671 liberorumque
867 1589 1027 1650 vestrorum
1055 1585 1180 1648 salutem
1208 1606 1237 1647 οι

277 1668 395 1733 mnibus
415 1670 552 1753 periculis
570 1667 672 1732 offerre
690 1670 858 1743 deberetis,
887 1667 955 1730 satis
974 1667 1078 1728 mirati
1098 1686 1162 1729 nou
1215 1665 1236 1727 sd

278 1748 360 1825 sum,
378 1750 458 1831 quod
478 1750 516 1812 ab
534 1770 596 1812 uno
615 1749 748 1812 Habrao
769 1765 887 1811 tantum
909 1763 1084 1828 apparatum
1189 1766 1232 1808 re·

278 1830 359 1889 ritis.
381 1830 464 1890 Num
484 1831 511 1890 is
530 1829 643 1891 forcalle
665 1829 910 1891 naviculariorum
932 1827 1092 1908 magister,
1163 1826 1233 1906 prin·

275 1927 340 1986 ceps
362 1907 453 1969 erat?
474 1909 558 1970 Num
577 1908 710 1970 ordinem
731 1910 765 1970 in
783 1910 911 1970 exercitu
930 1905 1080 1969 duxerat?
1100 1904 1234 1967 militiam

276 1982 468 2049 exercuerat?
495 1988 547 2070 qui
566 1988 760 2051 Centuriones
780 1986 924 2062 haberet,
943 1986 1051 2069 quibua
1069 1985 1232 2066 impetam,

276 2083 310 2127 ut
340 2067 441 2147 presto
467 2068 505 2130 ad
536 2068 614 2130 diem
642 2063 766 2130 adederit
791 2087 859 2131 cunr
887 2066 1055 2148 legionariis
1077 2062 1232 2127 militibus?

277 2146 361 2206 Num
370 2145 453 2209 vobis
461 2148 578 2210 deerant
598 2147 840 2224 familiariffimi,
860 2147 941 2231 iique
960 2144 1117 2207 fideliffimi
1137 2143 1233 2219 amici,

275 2224 385 2366 quibus
406 2228 465 2290 haec
486 2231 600 2304 tutius,
619 2228 651 2290 δι
671 2228 841 2308 prudentius
860 2225 1060 2289 mandaretis?
1075 2225 1149 2288 Nili
1166 2223 1231 2287 forte

286 2306 451 2383 ataleerat,
471 2308 508 2370 ad
516 2307 790 2372 Christianiffimum
807 2307 968 2389 Principem
986 2303 1230 2380 interficiendum,

278 2401 313 2447 ut
328 2405 363 2447 ex
383 2388 598 2467 genteJudaica
605 2384 712 2470 aliquis
720 2387 919 2450 adhiberetur.
937 2387 990 2448 Sed
999 2386 1061 2458 jam
1070 2381 1229 2459 vobiscum,

277 2462 368 2528 Cives
388 2468 514 2547 optimi,
534 2488 602 2529 vere
621 2489 698 2546 ago,
717 2468 857 2559 vobisque
877 2467 909 2529 bt
929 2486 1015 2542 vere,
1034 2467 1069 2528 δι
1087 2465 1229 2528 vehemen-

275 2561 322 2605 ter
340 2546 472 2625 gratulor
491 2590 501 2622 ,
521 2547 602 2629 quod
622 2547 673 2608 iste
688 2545 915 2610 sceleratissimus
935 2591 945 2621 ,
966 2566 1064 2629 neque
1082 2566 1169 2629 quern
1184 2563 1226 2634 op·

273 2620 473 2702 portuniorem
492 2625 652 2699 ducem‚n
692 2645 729 2688 ue
747 2647 821 2709 quas
840 2627 996 2707 paratiores
1007 2626 1110 2706 copias
1128 2620 1226 2706 potul<
1271 2687 1274 2694 .

274 2701 340 2790 set,
373 2704 563 2792 nominavit.
591 2707 675 2786 Siqui
695 2724 743 2766 em
771 2726 860 2789 quern
889 2708 915 2768 is
935 2707 1040 2786 ducem
1070 2705 1132 2766 illis
1151 2703 1224 2766 παὶ--
1270 2736 1274 2775 :

278 2778 361 2855 burt,
383 2801 441 2870 tam
452 2799 507 2843 tres
516 2804 608 2872 annos
618 2802 674 2846 orae
684 2785 810 2864 Illyrica
831 2787 862 2848 in
872 2785 1004 2866 pralidiis
1019 2785 1135 2877 praest.
1154 2786 1223 2849 Nam

276 2879 343 2920 eum
366 2860 415 2921 hic
435 2861 569 2924 Venetus
609 2881 763 2926 uaereretur
778 2884 793 2936 ;-
815 2886 883 2928 eum
906 2883 1003 2928 totum
1022 2865 1101 2927 illud
1122 2881 1222 2944 tempto
1271 2879 1273 2885 ⁴

273 2939 351 3031 apud
374 2939 510 3021 Illyricos
531 2883 646 3024 enge,
672 2943 874 3026 intelligitur:
902 2964 936 3008 ut
955 2946 1006 3008 illc
1032 2945 1139 3008 autin
1158 2962 1223 3004 nrtrrd
1268 2972 1274 3015 t

272 3036 331 3082 turs
346 3063 364 3095 ,.
384 3033 436 3084 aut
457 3022 488 3083 in
507 3020 672 3104 longillime
693 3025 829 3106 gentium
857 3025 1011 3106 agentibus
1039 3025 1134 3088 scelus
1151 3024 1220 3086 suum
1266 3039 1274 3097 .ιρ

271 3099 412 3192 salsissime
432 3099 603 3182 abscondere
620 3120 759 3177 conetur3
779 3106 834 3167 nili
854 3105 893 3168 ab
905 3126 956 3169 ora
976 3106 1030 3168 illa
1049 3105 1221 3185 Illyricam
1266 3110 1268 3155 ἓ

272 3201 307 3244 co
329 3201 373 3244 ras
400 3180 438 3245 ad
467 3198 551 3244 tuum
569 3183 613 3245 Ca
654 3199 816 3248 taureurn
834 3187 978 3248 continuo
997 3182 1224 3248 transmittendas
1265 3176 1275 3236 ¹,

272 3281 377 3324 cear
399 3273 566 3342 uat',atque
582 3204 657 3327 addi
674 3264 712 3326 ad
731 3265 1135 3347 amoraminquamtuex
1154 3281 1222 3345 equo
1270 3293 1275 3332 τ

270 3283 441 3417 descendas,
460 3342 518 3405 illae
537 3357 573 3428 ex
592 3345 663 3407 navi
683 3364 717 3406 ex
758 3359 883 3421 uantur,
902 3361 1019 3426 repente
1037 3345 1071 3407 in
1091 3360 1122 3406 te
1141 3344 1178 3405 im
1271 3371 1274 3382 ·

273 3438 338 3483 tum
359 3416 489 3484 sadutae.
510 3422 602 3486 Pudet
621 3444 696 3507 me,
740 3427 869 3508 anceps,
889 3441 951 3487 tam
970 3423 1089 3487 facilem
1107 3444 1159 3486 cau
1270 3452 1275 3498 t

270 3498 437 3563 defenderet
458 3498 613 3584 Nusquam
631 3506 711 3580 enirn
731 3506 825 3568 adhuc
844 3526 904 3568 non
918 3505 1058 3568 facillime
1073 3498 1219 3586 probatum
1271 3506 1274 3570 ξ

271 3578 339 3656 est,
365 3577 404 3638 ab
423 3577 587 3644 adversario
604 3582 705 3647 nollro·
730 3586 833 3650 omnia
849 3584 919 3648 falsa
972 3582 1040 3647 flua
1062 3607 1102 3647 ue
1121 3585 1155 3647 in
1174 3598 1221 3642 nm
1271 3592 1275 3615 ³

269 3660 340 3732 elle3
359 3656 455 3720 nollra
472 3675 576 3724 contra
593 3666 695 3741 omnia
714 3663 753 3726 in-
766 3682 834 3727 enm
849 3627 1027 3728 vetilllmcd
1057 3665 1141 3726 ensa.
1161 3662 1219 3723 Hoc
1271 3689 1275 3730 ς

269 3758 366 3814 veto,
384 3738 464 3822 quod
482 3760 561 3803 nunc
581 3742 712 3806 diduruc
729 3743 820 3820 sum-9
839 3745 959 3807 tametsi
976 3745 1044 3808 bum
1064 3742 1219 3807 defenlione
1273 3746 1276 3809 ὲ

266 3821 366 3887 mure
378 3818 511 3885 maxime
530 3821 720 3894 conjunctum
736 3819 807 3901 est,
832 3822 1054 3908 multatam
1070 3825 1168 3906 magis
1186 3817 1223 3883 td
1273 3848 1276 3889 2

707 3926 712 3933 '
1148 3918 1178 3966 te
