3000 4559
1346 294 1350 481 l

393 504 453 564 142
599 482 861 546 MRTHOL.
883 485 1047 546 RlCCll

349 563 642 629 rumsrmilitudinem
653 565 796 646 pertinet,
818 562 1063 646 dioo,Princeps,
1084 556 1113 625 id
1125 560 1300 627 artificiiuon

333 694 338 702 .
351 663 492 725 magnam
513 643 669 707 admodum
685 642 888 707 difficultatem
896 643 1019 721 habere,
1039 663 1134 725 neque
1150 641 1182 704 id
1197 658 1302 705 tantum

348 723 389 789 ab
409 726 497 789 amici
519 724 723 789 consuetudine
740 723 914 809 quotidiana
931 723 1028 799 disci,
1049 743 1141 816 quarn
1163 743 1181 784 a
1202 721 1305 786 summa

352 803 497 869 aviditate
517 806 559 866 rei
576 803 745 867 enariffimae
765 804 851 866 conse
874 806 973 868 uendae
992 803 1100 885 percipi
1120 801 1225 885 polle.
1254 802 1303 864 Hr-

350 882 436 963 beat,
456 885 612 966 Princeps,
632 883 723 947 horno
742 824 930 948 alienilldmus
951 883 1092 958 formam,
1110 903 1149 945 ac
1169 881 1304 945 charadr-

350 984 412 1027 rem
430 1011 440 1042 ,
456 984 520 1047 quo
538 978 574 1025 tu
593 980 659 1026 tuas
679 964 779 1027 literas
796 965 919 1041 scribis,
947 965 1014 1028 satis
1033 964 1079 1026 illi
1096 964 1141 1025 est
1160 962 1199 1026 ad
1218 982 1305 1025 earum

351 1043 569 1108 similitudinem
585 1064 678 1108 noras
696 1044 747 1107 ubi
765 1045 958 1126 effingendas.
979 1047 1059 1110 Nam
1077 1041 1158 1126 quod
1173 1040 1306 1184 relipuum

351 1123 410 1199 est,
430 1123 465 1187 id
479 1139 578 1187 totum
595 1140 617 1187 a
632 1125 688 1189 suo
705 1124 821 1201 lludio,
838 1124 871 1186 dr
890 1125 1046 1208 diligentia
1059 1123 1148 1188 facile
1165 1143 1222 1186 con
1235 1142 1305 1204 eque

353 1218 427 1266 tur·
455 1205 629 1287 Numquam
652 1204 736 1269 euim
763 1203 883 1268 cessabit
910 1260 913 1265 .
936 1206 1010 1268 uoad
1037 1223 1105 1269 eam
1126 1201 1164 1264 {ic
1186 1201 1305 1264 imitatus

350 1282 413 1356 ut,
441 1297 474 1346 ut
494 1283 556 1354 ejus
575 1304 680 1348 manus
696 1305 752 1377 pro
771 1301 824 1350 tua
843 1227 957 1367 prordus
977 1286 1010 1349 ur
1029 1286 1056 1348 le
1077 1284 1111 1358 i,
1141 1281 1176 1345 dr
1202 1281 1305 1365 agnosci

349 1361 462 1443 poffit.
481 1364 586 1427 Literae
607 1364 724 1446 scriptio
767 1366 863 1431 idurae
886 1384 952 1446 pare
970 1365 1036 1440 ell,
1055 1305 1194 1442 §rinceps
1210 1406 1220 1423 .
1238 1363 1305 1424 Nan

349 1443 598 1524 quemadmodum
628 1444 724 1526 pielor
744 1386 905 1509 {ominem
921 1444 1060 1528 penicillo
1078 1441 1244 1527 exprimit,
1262 1440 1304 1519 fic,

349 1522 403 1603 qui
424 1521 534 1597 scribit,
545 1545 668 1588 manum
685 1525 816 1589 alienam
834 1525 950 1588 calamo
971 1524 1100 1598 imitari,
1118 1537 1214 1606 atque
1231 1519 1304 1583 infor,

351 1619 433 1665 mare
458 1600 599 1667 facillime
626 1606 761 1687 poterit.
788 1605 920 1670 Tametfi
951 1625 1045 1689 neque
1060 1602 1112 1665 iste
1133 1618 1238 1665 tamen
1256 1616 1302 1677 tam

351 1680 473 1760 prudens
491 1682 588 1763 pistor
605 1684 686 1760 fuit,
712 1687 768 1768 qui
787 1686 989 1748 inliteratum
1010 1702 1143 1746 mearum
1162 1680 1248 1744 lineis
1263 1678 1303 1742 du·

341 1759 448 1821 cendit
467 1781 530 1825 non
548 1763 681 1829 multum
737 1766 843 1842 ecarit,
865 1779 898 1829 ut
918 1766 949 1826 in
964 1767 1001 1844 s,
1017 1764 1048 1826 in
1089 1760 1206 1840 ,in1,
1227 1761 1302 1834 inu,

341 1837 385 1899 -in
406 1861 449 1913 r,
473 1839 509 1901 ἃ
533 1839 568 1902 in
593 1843 770 1982 quibudam
795 1847 866 1908 aliis
884 1844 977 1906 literis
1004 1785 1088 1906 facile
1109 1840 1190 1904 cerui
1248 1840 1302 1913 tell,
1344 1906 1347 1928 1

348 1934 418 2006 qua
437 1937 517 1980 meas
536 1938 650 1999 prorue
668 1944 731 1987 non
749 1926 944 2007 exprimunt.
970 1925 1039 1997 Jam
1069 1922 1159 1984 venio
1237 1918 1300 1981 illius
1343 1981 1347 2011 Ι

342 1997 531 2075 -ΡθῐῑῑῦῙϋωὶ
550 1999 583 2061 in
601 2003 684 2085 quod
700 2005 731 2066 se
744 2007 869 2069 minime
889 2021 998 2068 temere
1013 2000 1185 2076 conjeciffe,
1205 1998 1302 2062 creden
1343 2056 1347 2069 ,

347 2073 424 2167 dum
446 2079 499 2140 elle
520 2078 617 2155 dicis,
642 2084 753 2166 quippe
771 2087 829 2177 qui
852 2085 905 2150 sua
934 2084 1060 2166 sponte,
1087 2097 1181 2165 atque
1201 2100 1219 2141 a
1237 2076 1303 2141 nullo
1341 2072 1347 2183 j

351 2171 496 2222 invitatus
518 2157 651 2223 Veneriis
674 2165 863 2241 Ferratram,
891 2168 923 2228 in
944 2183 1039 2227 arcem
1063 2179 1145 2224 tuam
1167 2160 1195 2223 se
1216 2157 1240 2220 se
1256 2154 1304 2220 col·

346 2232 479 2313 locarit,
507 2256 545 2304 ut
561 2241 701 2306 omnibus
722 2248 900 2322 tormentis,
930 2245 994 2307 vita
1022 2242 1148 2324 denique
1170 2239 1230 2321 ipsa
1246 2234 1303 2311 tibi,
1340 2213 1346 2272 F

349 2317 433 2454 qpod
460 2338 516 2398 pro
537 2321 655 2385 oluill'et
680 2324 716 2387 de
744 2324 921 2397 conjuratis,
953 2323 1069 2386 fortiter
1094 2317 1303 2401 comprobaret.
1338 2371 1346 2412 n

390 2415 500 2476 agnum
510 2342 570 2463 doc
581 2402 704 2484 quidem
726 2405 784 2480 est,
805 2406 951 2483 Princeps,
968 2403 1015 2464 sed
1025 2400 1114 2483 quid,
1137 2400 1158 2461 sr
1178 2418 1234 2461 non
1252 2411 1303 2458 tue
1336 2420 1346 2493 ᾗ

352 2490 420 2536 tum
436 2477 480 2539 est
498 2523 508 2553 ,
527 2498 674 2562 quantum
694 2484 754 2565 ipse
777 2484 870 2544 reris?
894 2481 977 2558 Quid
1001 2482 1021 2542 si
1041 2481 1067 2541 ei
1087 2481 1178 2540 etiam
1203 2473 1301 2539 nocella·
1337 2534 1340 2545 ,

345 2554 429 2615 rium
448 2553 529 2622 fuisse
550 2581 604 2622 nos
625 2579 727 2624 contra
747 2562 852 2625 fortius
873 2561 1081 2644 probabimus?
1109 2560 1192 2621 Scito
1213 2557 1300 2648 igitur,
1335 2548 1346 2652 '4

352 2633 515 2725 Princeps,
546 2641 633 2704 illum
655 2642 788 2704 Veneriis
809 2664 869 2705 non
891 2642 983 2705 solum
1006 2641 1044 2702 ob
1065 2639 1128 2701 artis
1150 2639 1235 2700 alieni
1252 2653 1300 2695 ma·
1335 2690 1346 2731 b

350 2714 537 2790 gnitudrnem
557 2719 589 2782 in
611 2742 752 2783 carcerem
774 2723 967 2797 conjectum,
999 2720 1045 2782 sed
1064 2717 1137 2781 furti
1160 2718 1245 2780 etiam
1261 2713 1299 2774 da
1335 2741 1346 2810 ζ(

349 2808 488 2854 mnatum
507 2798 580 2858 ell'e.
612 2802 691 2860 Nam
722 2802 752 2862 id
773 2821 809 2863 ars
830 2802 957 2862 alienum
980 2822 1038 2862 non
1063 2819 1101 2860 ex
1124 2797 1244 2881 pecunia
1259 2802 1299 2855 alt
1335 2836 1346 2890 ι

349 2889 473 2963 mutuo,
493 2893 545 2938 aut
564 2876 677 2941 foenore
696 2880 813 2972 sumpta
834 2883 886 2944 iste
906 2880 956 2942 fibi
977 2878 1117 2943 conflatat
1164 2877 1210 2940 sed
1228 2891 1297 2936 exn
1335 2920 1345 2970 l·

350 2949 462 3042 drotum
476 2956 635 3033 mercibus,
653 2980 743 3044 quas,
761 2961 850 3022 inscio
864 2961 1005 3036 domino,
1027 2923 1218 3028 vendiderat3
1236 2949 1299 3037 quod
1337 3008 1345 3047 t

349 3030 433 3095 ¹idem
451 3035 681 3103 cumfurtoLex
702 3043 754 3102 elle
775 3042 875 3113 iubet,
892 3063 925 3103 ex
935 3062 994 3124 quo
1010 3041 1098 3101 etiarn
1107 3037 1180 3100 furti
1200 3036 1299 3097 damna
1339 3060 1344 3105 ς

355 3125 403 3175 tus
421 3132 504 3186 erat,
524 3134 560 3179 ut
575 3120 715 3191 majorem
732 3122 859 3183 caullam
881 3121 982 3183 habere
1003 3141 1063 3180 non
1084 3119 1174 3200 pollet
1192 3161 1201 3192 ,
1222 3130 1299 3195 neque
1337 3144 1345 3201 ε,

339 3192 505 3256 ¹·consrlium
513 3200 834 3283 magisopportunum,
855 3221 945 3284 quam
955 3221 1008 3282 pro
1028 3199 1120 3260 salute
1128 3191 1300 3282 desperatait
1337 3240 1341 3275 ,

353 3269 456 3362 salutis
477 3278 665 3358 periculum,
694 3280 750 3342 hoc
771 3281 828 3356 est,
849 3278 1068 3357 expertissimo
1092 3278 1202 3349 iudicio
1222 3277 1252 3338 in
1269 3290 1304 3342 tu·
1338 3292 1342 3365 p

352 3349 424 3441 §licii
443 3356 605 3433 periculum
633 3361 759 3422 minime
786 3377 897 3423 certum
918 3359 946 3420 se
966 3360 994 3421 se
1012 3358 1194 3429 conjiceret.
1223 3351 1306 3416 uuo
1339 3376 1343 3441 1

352 3449 389 3491 nn
408 3430 464 3493 hoc
486 3434 566 3497 illius
586 3440 707 3503 consilio
727 3442 816 3503 latere
837 3441 975 3522 poliunt,
1004 3441 1170 3520 Princeps,
1213 3433 1307 3524 uaedau
1341 3476 1344 3563 Ι

356 3522 455 3598 tamen
477 3534 511 3574 er
533 3517 592 3586 ejus
612 3518 758 3599 latebris,
784 3535 874 3602 atque
902 3521 974 3580 adeo
994 3539 1029 3580 ex
1052 3518 1132 3580 istius
1155 3538 1206 3581 ver
1226 3516 1248 3576 is
1268 3508 1306 3592 rpl
1342 3568 1344 3593 ,

355 3607 387 3677 tn
408 3589 503 3652 lucem
523 3594 755 3677 depromemus.
784 3600 864 3675 Quid
885 3600 906 3659 sr
928 3599 979 3659 iste
999 3618 1065 3660 cum
1086 3619 1121 3658 ex
1141 3602 1259 3660 carcere
1273 3611 1306 3653 ei·
1342 3598 1344 3615 ²

356 3668 434 3745 lllet,
456 3673 571 3752 quidvis
591 3678 672 3741 aliud
695 3681 864 3762 cogitavit,
885 3699 973 3761 quam
995 3694 1028 3739 ut
1050 3679 1217 3740 Ferrariam
1237 3675 1306 3737 duct·

357 3758 459 3811 retur?
488 3753 568 3830 Quid
589 3757 609 3819 sn
630 3760 744 3843 aliquot
764 3760 824 3821 dies
845 3760 981 3821 Veneriis
1002 3757 1052 3818 sibi
1071 3755 1305 3820 commorandum

351 3828 410 3894 elle
430 3851 449 3895 a
469 3847 498 3896 te
517 3835 673 3918 impetrare
694 3841 844 3922 speravit?
869 3854 906 3902 .ut
928 3838 1010 3902 testes
1028 3839 1229 3912 conveniret,
1256 3849 1306 3896 reu

217 3914 329 4062 w
1215 3935 1279 3978 cum
