3000 4559
543 464 974 531 danfrontum
1151 482 1191 547 pp

266 546 424 613 dinianum
444 540 482 605 ad
501 540 630 609 Histonii
651 543 834 629 Principem,
855 544 892 609 ad
912 546 1051 609 Senatum
1071 546 1232 619 mittitur5

268 627 301 693 in
331 623 513 689 Flaminiam
541 623 577 687 ad
607 623 780 689 pontificios
814 622 965 695 Praefedioa
992 626 1151 707 quotidie3
1180 626 1226 691 sae-

268 707 337 787 pius
360 704 540 778 Bononiam,
561 704 739 787 Mantuam
761 705 902 771 venenas
922 704 1110 777 nonsemeli
1130 708 1234 786 Pusste·

269 806 324 848 mo
344 802 444 849 autem
472 783 509 847 ad
530 786 644 865 Regem
672 785 764 851 etiam
783 785 922 849 Caesarem
952 787 984 849 ia
1012 785 1234 863 Germaniam,

268 886 334 957 quo
356 883 487 946 tempore
507 861 617 927 bellum
638 863 712 931 illud
734 864 867 929 adversus
895 866 998 933 Gallos
1019 864 1138 947 gerebat
1158 863 1232 929 diffi-

269 945 434 1009 cillimum.
456 943 503 1005 Ex
524 944 630 1035 quibus
651 944 786 1013 omnibus
808 944 1036 1087 Lefffl⁰¹¹ibu⁵’
1055 943 1177 1017 feliciter
1193 963 1235 1007 rt·

270 1024 326 1091 bue
347 1025 403 1089 suis
424 1021 582 1100 confecia,
603 1023 639 1087 ad
661 1024 824 1107 Principem
858 1047 928 1091 uum
937 1026 1049 1108 semper
1068 1025 1175 1097 rediit3
1196 1042 1233 1085 ex

269 1124 331 1188 qua
351 1126 391 1188 qu
433 1126 468 1166 ue
489 1119 573 1167 tanta
593 1105 677 1176 hujus
698 1121 764 1169 tum
784 1105 864 1183 fide,
892 1123 957 1171 tum
979 1105 1134 1188 prudentia
1156 1104 1235 1166 mira

270 1186 407 1248 onmium
449 1185 584 1247 ominum
605 1182 929 1267 conflataeratopinio,
952 1203 986 1257 ut
994 1184 1196 1262 hunc,Prince

269 1265 433 1338 Hercules,
453 1284 521 1325 cum
531 1265 595 1327 usus
604 1265 738 1341 venisset,
759 1267 791 1331 in
799 1287 900 1331 eorum
910 1287 1082 1341 numerum,
1123 1265 1154 1329 ui
1175 1265 1199 1326 ti
1220 1262 1233 1327 i

271 1345 338 1409 sunt
359 1365 378 1407 a
398 1343 529 1419 secretis,
552 1343 664 1424 prorsus
685 1345 869 1417 decernerem
888 1347 977 1427 idque
997 1285 1187 1426 iampridem,
1210 1342 1233 1405 sr

269 1425 363 1487 rideri
385 1422 501 1504 posset,
531 1441 561 1485 te
583 1423 661 1504 apud
691 1425 825 1489 animum
846 1442 930 1489 tuum
961 1422 1234 1491 idemconstituiise

268 1504 504 1576 arbitrabantur3
524 1524 615 1586 quam
634 1504 811 1585 dignitatem
832 1525 900 1567 cum
921 1504 1061 1573 affecutus
1081 1504 1167 1577 esser,
1189 1500 1234 1563 ni-

267 1583 315 1645 hil
338 1584 366 1643 ei
427 1583 502 1657 iica,
521 1582 601 1665 quod
622 1604 641 1645 a
662 1600 690 1647 te
711 1584 844 1675 Principe
864 1584 915 1647 suo
936 1584 1041 1651 habere
1058 1581 1234 1666 posset,.de·

269 1663 380 1723 fideran
402 1683 452 1725 nm
471 1663 699 1744 relinquebatur.
722 1664 753 1725 Is
774 1684 853 1729 emm
874 1666 902 1727 ei
922 1663 1096 1745 supremus,
1116 1683 1149 1725 ac
1170 1681 1234 1723 ma-

268 1743 367 1805 ximus
390 1759 450 1805 erat
469 1744 546 1832 apud
567 1759 596 1805 te
616 1742 723 1820 locus,
751 1745 784 1807 in
804 1765 894 1826 quem
924 1765 994 1811 eum
1020 1743 1111 1818 etiam
1169 1761 1233 1809 tve-

267 1820 337 1883 niiie
367 1822 443 1884 retie
465 1823 522 1889 dni
553 1823 646 1904 potest
660 1824 819 1907 ,quando
840 1825 882 1889 ab,
898 1825 1035 1889 omnibus
1058 1845 1094 1893 eo
1143 1823 1231 1904 ignus

268 1901 308 1963 est
328 1900 496 1978 judicatus,
524 1919 554 1966 at
578 1924 612 1965 ue
634 1924 651 1965 a
673 1920 728 1980 te,
749 1905 911 1986 Princeps,
930 1905 981 1969 suo
1002 1926 1037 1969 eo
1057 1903 1178 1969 nomine
1197 1902 1233 1963 in

267 1980 477 2063 legationibus
498 1981 532 2044 srt
553 1924 662 2072 demper
683 1984 871 2064 appellatus.
899 1989 969 2061 Quo
989 2006 1048 2051 uno
1069 1999 1153 2047 tanto
1175 1981 1233 2070 Vi?

266 2080 301 2125 to
330 2077 392 2123 tam
422 2063 583 2125 immature
603 2063 658 2124 tibi
678 2081 804 2143 erepto,
833 2085 947 2145 aequo
968 2082 1028 2131 tem
1070 2083 1099 2131 te
1115 2082 1154 2125 eo
1176 2059 1235 2123 tibi

339 2140 363 2202 is
381 2160 455 2221 opus
477 2140 570 2215 esset,
599 2142 654 2202 hoc
677 2142 742 2213 loco
765 2159 816 2209 tuo
847 2143 967 2209 nomine
996 2143 1035 2207 do
1063 2141 1113 2207 ndi
1142 2138 1234 2202 finem

268 2221 322 2281 nui
336 2241 386 2281 um
407 2221 482 2283 facio
498 2263 510 2294 ,
528 2221 779 2301 quemadmodum
800 2222 831 2281 in
854 2241 889 2282 eo
909 2221 1009 2283 nuilus
1030 2218 1084 2281 tibi
1105 2217 1172 2280 finis
1192 2214 1237 2277 fa·

264 2299 331 2365 θυι
354 2300 394 2361 est
415 2299 556 2367 iadiurae.
584 2301 667 2365 Nam
689 2315 721 2361 ut
741 2318 842 2361 omnes
864 2315 930 2361 tuos
960 2296 1067 2458 Effid
1095 2315 1164 2359 cum
1186 2315 1235 2435 rite>-

1053 2393 1117 2439 nter
1176 2394 1233 2437 ru·

265 2398 337 2445 tum
361 2394 462 2441 tamen
483 2377 560 2438 buna
581 2378 677 2468 gratia
696 2377 809 2439 dietum
831 2376 933 2459 volo]
982 2398 992 2439 ι

263 2456 397 2530 stratis,
424 2476 493 2519 cum
515 2457 680 2521 Fertinium
702 2457 827 2521 aiterum
847 2457 1006 2548 repereris,
1028 2457 1061 2519 in
1080 2475 1117 2519 eo
1149 2475 1234 2517 ecun-

263 2537 360 2610 dum,
382 2535 413 2598 δι
432 2536 559 2618 reliquos
579 2536 712 2617 repereris
729 2582 736 2597 .
757 2537 811 2599 Sed
831 2537 902 2620 qurd
924 2557 980 2619 ego
999 2535 1128 2601 dolorem
1147 2552 1234 2601 tuum

264 2612 382 2698 augeo?
403 2616 475 2698 quid
497 2633 525 2679 te
546 2619 638 2681 acrius
659 2616 786 2681 sollicito
809 2614 820 2676 i
842 2636 894 2681 cur
911 2617 1011 2698 pedus
1032 2632 1118 2681 tuum
1137 2615 1234 2707 fingu-

266 2697 306 2763 iis
329 2695 425 2759 verbis
448 2697 520 2788 rneis
540 2692 667 2763 effodio?
687 2699 786 2774 Quare
809 2695 922 2763 transeo
942 2697 977 2759 ad
998 2697 1123 2843 refluas
1144 2696 1232 2769 huius

264 2796 335 2843 sum
356 2795 501 2857 corporis,
525 2794 589 2841 tum
608 2776 702 2843 animi
721 2779 846 2841 virtutes
869 2779 1027 2860 egregias.
1054 2812 1056 2817 ·
1093 2777 1118 2840 ‘c
1139 2777 1149 2839 i
1171 2776 1235 2840 itur

264 2854 363 2919 forma
382 2855 438 2917 suit
457 2859 583 2932 eximia,
603 2878 651 2923 ore
671 2876 762 2941 atque
781 2857 873 2922 oculis
902 2856 916 2938 [
935 2875 968 2922 ut
988 2877 1089 2923 omnes
1105 2798 1194 2919 nodis
1214 2854 1232 2934 l

266 2935 375 3025 quibus
396 2935 434 2997 ad
455 2935 526 2998 sese
547 2937 705 2999 amandum
725 2935 810 3000 facile
829 2939 965 3020 quemvis
973 2937 1121 3011 alliceret,
1141 2935 1234 2999 vultu

264 3014 354 3079 hilari
363 3015 513 3088 ,oratione
522 3012 1234 3100 suauiffima,maximequeexplicata,munditie,

265 3094 402 3159 aerarius
422 3095 675 3175 corporisadiione
694 3093 872 3157 feliciffima.
887 3096 1048 3170 Quaebona
1064 3112 1131 3155 cum
1141 3090 1232 3180 usque
1312 3102 1320 3109 “

264 3173 389 3241 οοῑκιιιιι
404 3174 476 3247 unt,
492 3173 589 3254 quoad
610 3173 962 3244 cumvirtnteconjnneu
984 3173 1067 3247 sunt,
1085 3171 1231 3250 acsaeprus

263 3252 301 3321 iis
323 3252 418 3319 obesse
434 3252 561 3327 soleant,
582 3252 688 3334 quibus
709 3251 853 3317 attributa
872 3253 939 3315 sunt
957 3296 967 3328 ,
987 3267 1103 3314 tantum
1123 3248 1233 3325 abest,

263 3348 297 3395 ut
319 3333 390 3399 huie
410 3332 507 3397 nostro
526 3334 686 3416 qrticqium
706 3329 870 3409 obfuerint,
892 3349 926 3397 ut
934 3331 1077 3397 summam
1093 3329 1230 3399 omnium

262 3412 311 3477 itti
331 3410 556 3477 admirationem
577 3410 801 3477 constantissime
820 3411 1018 3477 conservarint
1034 3456 1041 3473 .
1069 3411 1130 3477 Hic
1146 3412 1230 3475 enim

261 3490 301 3557 iic
322 3492 407 3557 bonis
428 3491 539 3575 semper
558 3493 595 3555 fic
616 3489 684 3558 usus
703 3491 771 3568 est,
791 3511 824 3557 ut
846 3492 928 3557 nulla
948 3512 1050 3558 eorum
1070 3493 1102 3557 ui
1117 3491 1156 3556 ab
1174 3494 1228 3555 ho·

261 3571 374 3637 aestate
395 3592 554 3656 umquam,
576 3574 625 3637 vel
645 3573 724 3648 lato,
746 3574 826 3656 quod
845 3573 952 3648 ajunt,
973 3575 1069 3656 digitu
1077 3574 1104 3637 se
1124 3572 1228 3663 abduci

262 3650 445 3732 prmiserit.
466 3653 587 3717 Putavit
607 3655 687 3717 enim
706 3653 765 3716 Vir
787 3652 995 3730 sanfliffimus,
1014 3654 1089 3719 nihil
1111 3654 1229 3717 homini

263 3732 404 3813 turpius,
424 3732 502 3795 nihil·
521 3734 624 3796 tetrius
645 3733 775 3798 accidere
796 3733 899 3827 posse,
929 3754 1018 3817 quam
1039 3755 1104 3819 quae
1124 3757 1142 3797 a
1163 3735 1229 3795 Deo

264 3809 347 3875 bona
363 3810 512 3889 haberet,
537 3834 572 3879 ea
590 3815 614 3879 se
631 3814 694 3897 ipse
711 3814 843 3899 ‘iniquius
864 3815 1096 3899 coinquinaret,
1121 3834 1154 3950 ἒς
1175 3808 1240 3871 fue-2

1147 3908 1191 3950 rus

1223 3976 1343 4066 Ἰ
