3000 4559
326 488 495 634 hrie4quafi
525 468 731 630 imprisirini
739 463 899 630 fsuiipisrdeli
907 468 992 692 ,1351
998 464 1070 610 liaec
1087 546 1140 629 ipfi
1156 564 1223 611 noh
1238 548 1299 612 ani·

330 627 546 695 madvertislis?
567 647 598 692 at
621 650 656 691 ue
673 630 710 690 ab
726 628 903 691 adolescente
964 629 1070 690 moniti
1091 628 1180 691 eslis?
1205 631 1300 714 Atqui

324 727 444 775 tantum
472 710 574 783 abest,
596 650 710 781 iudices
727 753 736 783 ,
758 726 790 770 ut
807 709 929 770 Archias
953 708 1046 770 ullum
1063 708 1254 772 domicilium
1270 711 1300 773 iu

325 792 418 853 ltalia
445 806 575 872 tempore
599 790 685 870 Legis
712 789 873 864 habuerit,
895 805 929 850 ut
953 808 1024 878 puer
1047 788 1299 853 admodum'effit

326 872 360 932 in
376 873 512 946 Gracia,
537 890 604 931 cum
631 890 665 931 ea
680 867 824 931 serebatur
844 915 851 928 .
878 867 1028 950 Siquidem
1049 869 1079 928 in
1094 867 1219 930 ltaliam
1232 890 1302 952 prae-

325 968 456 1015 textatur
482 952 588 1024 venit,
610 950 666 1011 hoc
691 949 756 1024 eli,
781 950 927 1010 decimum
953 947 1066 1009 sextum
1092 969 1210 1010 annum
1257 953 1300 1014 lus

326 1033 426 1093 minus
445 1051 552 1113 agens,
574 1050 640 1092 cum
657 1030 719 1091 Lex
740 1051 758 1088 a
776 1030 891 1104 Mario,
907 1029 939 1090 ἂ
955 1029 1082 1101 Catulo,
1098 1029 1210 1112 quibus
1273 1026 1301 1093 ll.

321 1114 460 1177 ,Romam
485 1112 566 1172 venit
584 1155 593 1185 ,
615 1110 739 1190 septimo
757 1128 835 1170 anno
860 1108 1004 1170 antelata
1021 1108 1155 1171 videatur
1172 1155 1183 1185 ,
1202 1127 1238 1173 ut
1252 1131 1301 1175 no-

322 1180 398 1255 “vem
430 1191 513 1252 annis
534 1188 589 1250 else
617 1189 706 1280 posset
729 1190 881 1264 Archias,
909 1208 977 1250 cum
1008 1190 1069 1250 Lex
1091 1187 1245 1267 serretur,
1274 1193 1302 1255 io

328 1291 390 1354 qua
409 1268 528 1332 aetatula
547 1289 642 1351 magis
662 1268 745 1331 domi
766 1269 798 1329 in
819 1270 901 1330 cunis
922 1269 1055 1344 cubare,
1076 1288 1168 1352 quam
1192 1271 1227 1333 in
1248 1272 1302 1335 Ita·

329 1353 373 1414 lia
392 1350 440 1413 vel
461 1347 565 1430 pedem
589 1366 670 1411 terra
691 1347 795 1409 habere
817 1351 932 1429 potuit.
955 1347 1073 1438 Nisiea
1090 1370 1219 1491 puoque
1238 1370 1302 1417 κια-

328 1448 360 1495 te
381 1451 447 1492 cum
468 1432 506 1505 Q.
529 1430 654 1492 Metello
675 1427 864 1504 Numidico,
885 1429 917 1490 δι
938 1429 1070 1499 Procius
1112 1429 1153 1492 lio
1179 1429 1301 1497 familia-

329 1509 435 1574 rissime
463 1509 591 1584 vixisse,
620 1509 665 1569 M.
687 1525 789 1570 autem
817 1509 966 1570 AErnilium
988 1509 1134 1586 docuisse,
1166 1528 1300 1575 caeterum

328 1593 408 1655 hunc
438 1588 646 1651 nobilissimum
674 1608 802 1670 gregem
823 1590 880 1649 suis
905 1589 1081 1652 carminibus
1104 1592 1236 1655 maximi
1256 1593 1301 1657 ob·

329 1670 469 1745 sectasse,
498 1668 619 1750 probare
639 1669 770 1731 audetis.
798 1667 852 1729 Sed
876 1668 946 1729 heus
965 1685 1023 1745 tu,
1052 1671 1164 1752 Legem
1188 1674 1299 1749 recita,

331 1768 391 1825 ut,
413 1767 521 1811 utrum·
533 1750 577 1813 ita
595 1749 654 1824 sit,
682 1747 799 1830 planius
820 1748 1021 1830 intelligatur.
1049 1751 1082 1810 Si
1101 1753 1153 1829 qui
1176 1754 1301 1815 Foedm·

329 1833 370 1893 tis
393 1828 517 1890 Civibus
539 1828 673 1909 adscripti
683 1827 818 1906 saciabat.
851 1830 908 1905 Si,
928 1847 992 1890 eum
1012 1832 1073 1889 Lex
1082 1829 1256 1908 ferebatur,
1276 1834 1301 1893 iu

332 1910 421 1974 Italia
444 1909 614 1971 domitium
628 1905 797 1988 babuiffint.
825 1909 885 1984 Si,
906 1910 967 1971 Lex
988 1910 1086 1992 inquit
1104 1930 1114 1981 ;
1135 1913 1302 1985 attendite3

332 1989 506 2052 domicilium
520 1989 551 2049 in
571 1990 655 2050 italia
669 1987 841 2068 babuiffent,
855 2010 919 2050 cum
934 1992 993 2050 Lex
1001 1988 1157 2067 ferebatur.
1180 1995 1302 2055 Demon-

334 2071 456 2138 stratum
476 2068 516 2131 est
532 2113 542 2144 ,
561 2069 700 2146 ludices,
721 2085 839 2131 tanturn
856 2067 964 2144 abesse,
981 2085 1015 2130 ut
1035 2071 1162 2132 Archias
1185 2073 1300 2136 domum

336 2150 430 2213 ullam
453 2148 569 2210 haberet
591 2170 625 2212 eo
648 2150 832 2230 temporem
853 2149 967 2223 Italia,
996 2165 1029 2210 ut
1050 2171 1086 2210 ne
1107 2149 1226 2214 Italum
1246 2153 1302 2247 qui·

334 2229 404 2292 dem
426 2228 521 2290 ullum
540 2228 742 2311 cognosceret,
760 2246 793 2291 ut
814 2230 867 2309 qui
888 2228 982 2290 adhuc
1003 2228 1098 2290 infans
1119 2233 1151 2293 in
1177 2234 1301 2309 Graecta,

334 2326 426 2392 atque
448 2306 499 2369 sub
520 2310 632 2371 nutrice
653 2306 793 2370 aleretur.
815 2309 880 2370 Nisi
901 2307 975 2370 sorte
995 2311 1026 2370 hi
1042 2311 1150 2390 optimi
1176 2312 1247 2375 Viri
1261 2314 1301 2376 sua
1344 2353 1347 2387 ι

338 2389 393 2452 illa
413 2387 614 2463 celeberrima,
629 2404 719 2468 atque
734 2389 925 2451 vetustissima
940 2389 1084 2471 hospitia,
1101 2392 1213 2473 quibus
1235 2394 1302 2456 hunc
1342 2425 1347 2469 t

335 2482 383 2531 tot
403 2488 495 2529 annos
517 2464 705 2530 libentissime
727 2470 913 2548 acceperint,
935 2468 1004 2532 huic
1019 2469 1167 2534 domicilii
1191 2473 1258 2536 loco
1271 2473 1302 2535 es·
1339 2509 1347 2549 i

335 2547 365 2611 se
386 2547 496 2622 velint,
516 2547 706 2628 quodetiam
728 2547 841 2627 possum
863 2549 1031 2612 concedere.
1052 2551 1082 2613 Si
1104 2571 1178 2615 ante
1199 2556 1240 2617 Le
1261 2570 1300 2614 en
1339 2571 1346 2629 5

337 2628 432 2689 latam
460 2627 497 2687 iis
517 2625 583 2688 usus
606 2625 640 2687 fit
661 2626 784 2688 Archias
814 2627 975 2708 hospitibus
997 2650 1006 2700 ;
1027 2630 1046 2691 si
1067 2633 1224 2716 postquam
1240 2574 1303 2695 ier
1339 2673 1346 2710 ἃ

238 2706 241 2712 ’
335 2707 457 2769 condita
477 2705 517 2766 est
537 2748 547 2779 ,
566 2724 627 2767 non
647 2705 774 2788 possum.
795 2708 851 2768 Sed
868 2710 1013 2847 puoniam
1034 2731 1089 2792 ego
1110 2733 1175 2774 non
1197 2713 1302 2793 longio·
1339 2781 1342 2789 ⁸

337 2784 464 2849 rislum
485 2785 648 2862 memoriae,
669 2807 759 2870 quam
783 2787 867 2849 adole
880 2789 976 2849 centia
996 2809 1061 2852 mea
1083 2789 1159 2868 fert,
1185 2791 1301 2874 prosette
1338 2830 1345 2870 ,a

336 2884 392 2926 vos
413 2881 486 2925 natu
506 2864 696 2945 grandiores,
726 2868 747 2928 fi
769 2865 842 2928 sorte
864 2866 967 2942 scitis,
990 2888 1049 2951 quo
1071 2872 1102 2931 in
1125 2871 1221 2948 loco,
1241 2892 1300 2935 cun
1336 2911 1347 2970 ,r

339 2944 402 3009 Lex
419 2938 578 3020 serebatur,
595 2945 627 3007 in
650 2947 739 3009 Italia
754 2947 806 3008 iste
826 2945 1011 3010 domicilium
1040 2950 1139 3012 ullum.
1158 2952 1307 3028 habuerit,¹
1337 3020 1341 3029 ,

338 3041 392 3086 aut
413 3044 432 3084 a
451 3024 614 3095 Maioribus
636 3025 694 3088 suis
716 3026 873 3102 relislum,
895 3043 946 3089 aut
967 3029 1046 3110 quod
1076 3030 1128 3092 sibi
1150 3032 1205 3094 isle
1225 3029 1304 3097 adh
1345 3056 1347 3059 ·

336 3104 437 3178 carit,
465 3122 518 3166 aut
536 3105 670 3167 alicunde
691 3122 973 3186 comparatum,aut
1015 3130 1115 3191 uoquo
1135 3113 1200 3174 alio
1222 3112 1305 3175 modo
1338 3128 1347 3188 l

340 3182 403 3245 sieri
424 3182 534 3323 possrt3
562 3186 685 3246 Archias
706 3202 772 3248 turn
793 3185 878 3251 Civis
898 3189 974 3251 esto.
992 3128 1057 3251 led
1077 3191 1150 3282 quid
1168 3213 1228 3274 ego
1251 3209 1309 3269 tan·¹
1339 3227 1346 3269 1

340 3278 406 3325 tum
439 3262 528 3329 aboro
547 3264 579 3325 in
598 3266 751 3344 quaerendo
768 3311 778 3342 ,
797 3268 946 3348 quodnam
966 3267 1154 3333 domicilium
1177 3272 1303 3336 habuerit
1339 3289 1347 3351 l

340 3341 373 3405 in
393 3343 509 3419 Italia,
537 3359 606 3409 cum
624 3343 736 3408 constet
764 3368 801 3407 ne
821 3368 899 3410 nunc
942 3348 1038 3411 uidem
1059 3350 1187 3414 habere?
1220 3368 1303 3437 neque
1339 3388 1347 3430 n

337 3423 496 3504 quisquam
516 3419 617 3502 probet
637 3423 666 3484 id
687 3445 755 3486 eum
777 3428 909 3490 abaliena
930 3432 963 3489 el
993 3433 1046 3511 qui
1065 3433 1143 3513 apud
1166 3433 1256 3496 hosce
1273 3430 1304 3494 sa·
1339 3467 1346 3508 1

340 3500 548 3562 miliarissimos
579 3500 642 3563 suos
662 3503 774 3585 semper
801 3506 965 3571 habitarit?
994 3511 1030 3572 ld
1055 3513 1134 3595 quod
1167 3534 1241 3576 cum
1261 3530 1303 3576 vo
1339 3544 1347 3590 l

339 3599 486 3669 quoque,
515 3581 632 3660 Optimi
655 3584 723 3644 Viri
746 3630 756 3658 ,
778 3587 863 3666 plane
884 3589 936 3648 esse
965 3590 1089 3666 sciatis,
1118 3613 1174 3655 cur
1194 3610 1303 3656 mecum
1339 3629 1347 3670 fl

340 3674 439 3797 potius
462 3660 624 3728 tus'vestrae
644 3661 787 3724 Civitatis
809 3686 868 3726 non
890 3671 1034 3731 tuemini?
1054 3674 1241 3736 curGraecus
1261 3692 1302 3735 vo-
1339 3711 1347 3750 ῃ

367 3739 389 3798 is
410 3741 508 3818 potior
528 3740 593 3814 est,
622 3760 713 3899 poam
735 3744 884 3814 lllajorum
905 3750 1064 3812 vestrorum
1085 3753 1253 3827 instituta,
1272 3751 1302 3823 jo
1339 3768 1347 3827 t

344 3835 400 3895 ra,
420 3816 533 3902 Leges?
554 3819 615 3882 Cui
645 3820 806 3919 ignoscite,
826 3826 1049 3906 praestantissimi
1071 3833 1160 3915 Viri]
1184 3848 1305 3921 ramum

1219 3914 1276 3995 el·
