3000 4559
343 470 546 538 »arausio
563 472 739 538 CONTRA
759 478 870 540 GASP.
891 480 1081 546 SARDUM.
1125 498 1186 565 195·

252 570 326 623 rur.
357 553 471 635 Ecquid
491 555 560 632 ais,
582 555 763 637 pudicissima
783 558 900 640 virgo?
928 558 1052 625 Vestalis
1073 557 1225 631 sacerdos?

251 633 396 699 Nondum
418 633 530 709 sentis,
559 632 907 719 nullam-turpitudinem
927 636 982 702 esse
1004 643 1035 705 in
1057 643 1153 709 verbis
1181 648 1219 709 ad

250 716 331 779 hunc
351 711 473 776 modum
494 712 655 796 usurpatis?
677 715 790 779 Caetera
810 719 906 782 multa
929 761 939 796 ,
959 738 1025 803 qua
1045 742 1158 787 mecum
1179 727 1223 791 fa·

250 796 335 859 ciunt
363 794 396 854 in
417 793 492 855 hanc
521 794 722 872 sententiam,
751 798 908 878 prudenter
937 799 1046 865 sunta
1076 802 1220 868 Cicerone

251 870 403 956 disputata
422 872 459 933 ad
481 870 617 937 Parum.
646 875 704 939 llla
723 876 792 940 inde
812 878 866 941 tibi
887 879 998 942 sumere
1018 883 1154 964 poteris,
1178 886 1224 949 ni·

251 954 272 1019 fi
293 953 332 1018 ad
354 952 469 1015 Paetum
488 954 579 1016 etiam
603 954 705 1021 nasum
726 956 864 1021 obturans
886 958 1050 1041 refugeris·
1085 964 1150 1027 Nos
1173 984 1224 1027 ve·

251 1056 287 1099 ro
306 1031 346 1097 ad
368 1033 541 1096 recentiores
562 1034 740 1112 redeamus,
770 1053 803 1100 ut
825 1039 857 1101 in
888 1039 984 1103 nostro
1003 1040 1094 1105 etiam
1116 1040 1225 1107 Italico

250 1114 386 1177 sermone
402 1112 480 1176 hanc
499 1112 552 1177 reli
576 1115 673 1178 ionem
695 1114 750 1179 nbi
770 1118 884 1201 prorsus
907 1119 1088 1202 eripiamus,
1112 1143 1146 1185 ac
1167 1123 1224 1187 ali·

250 1194 372 1279 quando
392 1191 490 1256 virum
561 1194 687 1259 ciamus.
711 1195 739 1259 E
761 1219 805 1277 o,
826 1196 934 1274 Sardi,
954 1200 1025 1282 quid
1047 1201 1159 1267 interfit
1179 1202 1226 1265 in·

251 1287 298 1337 ter
318 1273 482 1349 Cuccium,
505 1274 536 1336 δι
560 1274 708 1346 Cojonum
730 1218 876 1362 [gquando
897 1281 928 1342 in
949 1279 1077 1344 barbaris
1099 1280 1223 1347 vocibus

251 1352 362 1421 versari
382 1374 430 1415 me
453 1352 561 1436 cogis]
592 1357 743 1421 nonsatis
774 1358 886 1434 video,
917 1358 970 1421 nili
1013 1360 1069 1423 uod
1101 1380 1224 1423 numero

252 1434 353 1497 multo
372 1434 468 1516 plures
490 1434 556 1497 sunt
576 1435 709 1513 Ceioni,
730 1456 820 1520 quam
843 1438 967 1502 Caccii.
989 1381 1133 1503 deretani
1156 1439 1225 1504 sunt

253 1514 404 1587 omnino,
433 1534 466 1575 ac
482 1516 610 1596 proximi
632 1517 753 1593 vicini,
780 1539 818 1599 pa
854 1540 889 1580 ue
912 1518 1090 1602 utriusque,
1121 1515 1141 1580 li
1163 1520 1226 1582 ulla

254 1609 356 1659 tamen
376 1592 434 1667 est,
451 1595 482 1655 in
491 1615 564 1657 voce
586 1594 823 1660 oblcoenitasell.
882 1599 977 1681 rgomi
1001 1616 1102 1662 tamen
1121 1615 1225 1661 omnes

253 1672 349 1739 sciunt
364 1670 572 1737 nobililiimam
593 1675 754 1739 Familiam
776 1678 873 1741 adhuc
893 1681 946 1741 elle
965 1679 1166 1756 Cojonorum,
1188 1696 1225 1741 ex

254 1773 338 1839 quae
359 1752 453 1834 regius
476 1753 642 1836 Imperator
650 1758 749 1820 extitit
770 1755 1000 1823 Bartholomaeus
1008 1759 1155 1830 Cojonus.
1177 1758 1227 1821 Ex

255 1834 309 1899 hac
331 1774 475 1909 danitis,
492 1833 561 1897 licet
580 1856 689 1920 quaeras
699 1856 733 1900 ert
744 1839 862 1921 nuptis,
884 1860 920 1901 ex
929 1836 1112 1923 virginibus,
1134 1839 1227 1903 exvi-

254 1912 338 1991 duis,
355 1934 390 1976 er
399 1912 565 1978 Vestalibus
581 1936 642 1999 qua
662 1938 697 1980 ex
719 1918 849 1981 Familia
866 1918 939 1994 smt,
961 1918 1172 2002 respondebunt
1193 1939 1227 1981 o·

255 2012 357 2069 mnes,
376 1993 602 2065 exCojonorum
622 1998 751 2060 Familia
774 2000 803 2061 se
818 1996 888 2062 esse.
910 2000 975 2062 Hui
984 2000 1119 2062 mulieres
1129 2001 1230 2079 impu·

257 2074 352 2139 dicas.
369 2073 472 2136 Multo
491 2094 562 2136 vero
583 2075 627 2137 hae
637 2076 813 2139 honestiores
835 2077 921 2152 sunt,
942 2096 1033 2159 quam
1049 2097 1113 2161 qua
1122 2077 1228 2141 llorna·

258 2154 346 2219 cltum
355 2152 467 2215 adeam
488 2173 591 2217 vocem
612 2152 767 2231 simulant,
788 2157 820 2218 ἃ
841 2156 1054 2220 sceleratillrma
1075 2155 1231 2218 faciunta-

255 2232 484 2307 dulreria.Quid
506 2249 605 2297 aurem
616 2250 667 2309 tu,
684 2235 983 2373 puisuperasomncs
998 2233 1230 2325 castissimaspu·

259 2312 384 2388 dicitia,
405 2310 613 2391 irreligione,
632 2314 684 2393 qui
712 2356 722 2387 ,
743 2332 887 2394 mquam,
907 2311 1014 2389 facies,
1037 2332 1105 2376 cum
1127 2333 1159 2377 m
1176 2330 1231 2383 tua
1337 2370 1339 2374 ,

257 2392 392 2457 Historia
411 2388 544 2452 incideris
555 2393 585 2453 in
606 2405 721 2454 tantum
744 2389 873 2455 Virum?
892 2393 976 2457 Num
996 2392 1138 2468 verbum,
1158 2393 1231 2475 quia

258 2473 431 2539 obscoenum
452 2485 556 2550 putas,
578 2469 765 2553 praeteribis?
789 2477 838 2535 An
860 2489 972 2537 novum
993 2473 1075 2537 aliud
1096 2472 1231 2539 sancium

256 2551 315 2619 tibi
347 2544 569 2613 conformabisl
597 2547 694 2613 Credo
722 2551 905 2630 Colonum,
927 2551 976 2618 vel
1001 2553 1104 2628 saltem
1126 2550 1230 2617 Colio·

257 2648 358 2706 nom,
389 2629 502 2692 tametsr
523 2626 600 2694 nihil
622 2629 781 2695 admodum
809 2634 946 2705 interfit,
976 2632 1169 2699 nominabis:
1198 2628 1233 2696 bc

259 2730 320 2777 non
340 2708 555 2773 contaminabis
578 2728 611 2775 os
633 2710 707 2775 illud
729 2713 842 2779 tuum?
872 2713 910 2779 In
930 2714 1083 2790 Historia,
1104 2730 1169 2797 quae
1191 2711 1234 2777 est

261 2792 331 2857 ritae
347 2788 504 2852 hominum
520 2791 677 2875 magistra,
701 2809 764 2858 tam
781 2791 930 2871 obscoene,
952 2811 1014 2858 ram
1025 2794 1151 2877 turpiter
1167 2793 1237 2855 scri·

263 2866 328 2935 bere
358 2888 418 2932 non
448 2870 670 2952 perhorresresl
701 2876 742 2938 At
768 2875 909 2939 honorem
927 2872 1086 2956 praefabor.
1114 2872 1234 2937 Scilicet

264 2948 326 3013 thus
345 2950 483 3011 nrortuis.
504 2952 621 3015 Tamen
639 2951 659 3013 sr
676 2954 747 3035 quid
765 2955 825 3030 srt,
855 2956 945 3017 nimis
961 2953 1059 3018 crebro
1075 2951 1105 3015 id
1122 2950 1176 3015 tibi
1200 2967 1235 3012 u.-

265 3028 440 3111 surpandum
461 3031 533 3092 erit.
552 3030 608 3093 Sed
625 3031 692 3093 illos
709 3033 840 3103 Coionos
863 3035 988 3108 omitto,
1008 3046 1096 3115 atque
1111 3028 1148 3092 ad
1166 3040 1237 3120 tuos

267 3110 387 3175 caecior
403 3109 489 3172 redeo
506 3153 514 3172 .
534 3110 595 3173 Scis
612 3127 649 3171 ne
666 3127 699 3173 tu
716 3152 725 3184 ,
740 3112 831 3173 homo
846 3114 982 3175 omnium
1000 3128 1096 3174 rerum
1112 3106 1235 3189 ignaris·

270 3188 354 3267 lime,
380 3190 412 3251 in
429 3208 447 3251 a
469 3210 501 3252 ro
518 3188 729 3253 Mirandulensr
748 3194 802 3254 esse
817 3192 991 3255 Cacciorum
1008 3184 1171 3278 Familiam
1177 3185 1234 3250 fre·

268 3285 405 3353 quentem
425 3264 435 3330 l
491 3271 596 3332 ovariae
613 3288 683 3334 vero
699 3272 770 3332 item
787 3269 994 3333 nobiliffimam
1013 3270 1024 3331 ἓ
1047 3271 1078 3331 in
1093 3262 1234 3356 anrenli

267 3349 337 3415 item
352 3369 425 3430 agro
441 3348 539 3411 lorum
551 3351 605 3414 boc
623 3352 744 3413 nomine
760 3352 883 3413 minime
902 3343 1134 3434 infrequentem?
1148 3344 1232 3421 de

287 3428 346 3497 uod
365 3426 555 3506 Mediolani,
574 3431 604 3491 in
622 3427 701 3493 Urbe
722 3446 783 3495 tam
805 3450 940 3514 magna,
962 3448 1052 3573 poam
1069 3430 1160 3491 etiam
1183 3445 1238 3517 no-¹

268 3448 342 3589 dli,
363 3508 504 3574 dulcioris
520 3510 577 3574 hoc
594 3511 714 3575 nomine
729 3512 824 3592 pueris
842 3556 852 3587 ,
872 3510 963 3593 puelli
976 3530 1033 3593 que
1049 3507 1166 3573 venalia
1181 3522 1238 3599 crt-

268 3587 486 3658 conferuntur?
508 3584 546 3651 In
561 3610 633 3671 agro
651 3588 823 3654 Bononiensi
840 3608 972 3654 meorum
988 3590 1164 3672 Cuspiorum
1177 3587 1235 3677 vil·

268 3666 355 3737 best
374 3673 494 3733 nomine
511 3670 649 3733 Cazzano
665 3672 767 3734 diua.
791 3673 891 3745 Pueri,
911 3672 1031 3754 puella,
1054 3684 1169 3752 nuptae,
1191 3686 1237 3727 vr-

266 3750 335 3819 tue
349 3751 403 3815 suo
420 3753 478 3813 haec
494 3752 595 3812 omnia
611 3754 730 3815 nomine
746 3751 804 3814 stne
828 3750 889 3814 ullu
905 3753 1044 3835 religione
1059 3747 1209 3831 appellant
1225 3786 1235 3803 .

265 3826 357 3901 Nosti
373 3832 499 3916 denique
522 3832 677 3957 Sinapirun
693 3832 889 3976 doeliffimme
906 3827 1013 3974 :lirum
1032 3831 1043 3896 ἒ
1066 3831 1096 3894 ls
1113 3841 1238 3965 uxffarfm
