3000 4559
248 552 344 616 deret.
365 549 405 612 Bo
429 549 470 611 ba
483 544 600 629 epistole
618 546 681 625 fere
700 565 791 605 omnes
820 544 963 618 rendunt,
991 554 1024 603 ut
1042 534 1216 619 etapium

247 631 409 712 Principum
423 630 521 690 laudes
527 643 588 767 per
600 648 647 685 eas
666 627 697 684 in
720 623 842 705 vulgum
860 625 893 684 di
913 623 1087 698 minentur,
1107 642 1213 681 eorum·

248 732 304 794 qut
320 711 438 772 virtutes
457 731 531 769 cmm
567 701 748 786 spatefiant.

251 907 268 922 .
335 806 345 818 Ι
386 824 584 913 Epistolarum
604 823 794 921 similiarium
810 821 891 888 Libri
906 811 1050 908 quatuor.

245 957 347 1097 HI
363 970 479 1033 quatuor
506 945 686 1030 Epistularum
698 946 887 1024 familiarium
914 938 982 1006 libri
1003 950 1051 1026 Jo.
1080 921 1233 1025 &pm

343 1037 448 1112 Campe
466 1033 492 1090 io
510 1028 672 1089 Balentium
693 1027 807 1104 majoris
825 1027 955 1106 Episcoo
977 1027 1046 1104 stent
1073 1042 1216 1106 nuncupa·

246 1113 297 1186 ti,
325 1056 544 1192 quossuiejus
564 1107 671 1168 nomine
691 1044 975 1168 menseumhaim
996 1105 1087 1178 vult,
1111 1103 1218 1178 finon

247 1192 341 1253 relate
371 1192 433 1270 ejus
454 1190 554 1250 veteris
573 1187 678 1262 officii,
700 1186 804 1262 saltem
822 1204 935 1266 accepte
953 1208 1031 1246 nova
1055 1188 1154 1264 gratia
1174 1184 1215 1243 lo·

247 1294 292 1335 co.
313 1270 421 1330 Modus
447 1265 643 1332 eruditionibus
670 1263 710 1325 lta
730 1265 855 1346 Epistolae
868 1267 962 1346 ple'n'a
983 1267 1080 1343 fient,
1108 1265 1212 1345 quippe

247 1375 309 1432 qne
328 1366 420 1410 textus
438 1373 492 1410 non
498 1365 613 1488 paucos
630 1363 692 1414 tum
709 1347 854 1405 Poetarum
874 1390 885 1421 ,
904 1366 964 1408 tum
985 1349 1133 1406 Oratorum
1153 1345 1212 1404 La·

244 1431 363 1491 tinorum
390 1453 409 1488 a
428 1435 498 1490 Bart
529 1428 621 1487 lomeo
646 1425 741 1487 Riccio
768 1423 896 1506 expolitos
916 1424 1056 1489 exhibent.
1085 1427 1119 1483 In
1149 1423 1211 1483 illis

245 1510 336 1572 multa
354 1506 486 1570 habentur
504 1510 541 1569 ele
558 1505 690 1567 librorum
709 1506 885 1584 antiquorum
901 1509 994 1586 forma
1008 1514 1021 1583 ,'
1038 1504 1077 1566 &¹
1097 1502 1211 1584 conglu-

246 1590 401 1665 tinatione,
428 1590 465 1650 de
479 1590 571 1667 forma
585 1586 691 1667 pariter
711 1585 907 1664 epistolarum,
934 1608 1079 1666 earumque
1098 1584 1213 1665 compli-

247 1673 377 1744 mione,
398 1667 439 1731 (9
457 1668 539 1746 inseri
557 1666 651 1740 tione,
671 1665 758 1743 vulgo
778 1665 955 1743 Manfione,
975 1668 1011 1727 de
1024 1664 1103 1749 pileo
1120 1709 1131 1741 ‚
1151 1663 1210 1744 ser·

248 1750 299 1810 tris
316 1749 454 1829 pilentis,
472 1747 592 1828 aliique
612 1744 788 1825 hujusmodi.

258 1952 265 1963 .
340 1910 343 1915 ’
421 1908 619 1990 Epistularum
644 1903 837 1970 familiarium
853 1906 937 1970 Libri
957 1905 1039 1972 ono.

250 1992 377 2130 LUgo
398 1990 501 2050 Patria
519 1988 580 2066 sue
606 1989 819 2048 Bethotomeus
848 1988 959 2048 Riccius
984 2011 1028 2048 eos
1053 1979 1187 2068 inscripsit
1200 2023 1224 2063 ἢ,

329 2071 461 2148 inquam
480 2090 572 2128 omnes
586 2066 706 2128 homines
721 2085 789 2126 totos
798 2067 913 2143 summa
923 2069 1029 2149 pietate
1043 2086 1144 2129 natura
1161 2065 1220 2127 ad·.

244 2147 344 2227 Jlringi
365 2145 528 2228 fignificat,
556 2171 599 2206 cos
619 2170 683 2207 vcro
710 2149 819 2207 ineam
846 2165 923 2207 tanto
950 2150 1040 2230 magis
1068 2146 1214 2219 incendi,

248 2245 354 2306 quanto
379 2229 510 2306 majorem
539 2249 574 2286 cx
592 2249 626 2286 ea
653 2228 841 2307 dr'gnitatM,
870 2227 921 2286 vel
947 2229 1031 2288 etiam
1058 2226 1211 2287 utilitatem

242 2307 313 2384 fient
341 2306 497 2383 consecuti,
525 2308 651 2386 omnique
670 2306 773 2365 rarione
801 2307 915 2380 conari,
942 2323 975 2366 ut
992 2351 1001 2383 ,
1021 2309 1074 2390 qui
1102 2303 1212 2386 duplici

248 2386 285 2446 ele
304 2387 397 2465 cauffa
418 2386 444 2445 ei
460 2384 747 2467 plurimum‘debennt
761 2430 771 2461 ,
786 2386 852 2464 pari
871 2387 936 2444 itern
950 2389 1053 2448 ratione
1067 2384 1212 2467 gratrffimt'

245 2464 300 2604 :ge
320 2466 484 2526 videantur.
511 2467 544 2524 In
563 2465 609 2525 his
627 2465 743 2547 epistolis
763 2465 853 2524 multa
873 2465 1029 2546 leguntur,
1058 2489 1120 2547 que
1138 2470 1213 2525 Bar·

279 2545 385 2604 olomeo
405 2546 497 2604 Riceic
516 2543 695 2621 acciderunt,
716 2567 803 2624 neque
822 2544 938 2621 destant,
959 2570 1019 2627 quae
1036 2571 1090 2608 non
1111 2545 1225 2606 medio-2·

248 2626 328 2686 criter
346 2623 513 2698 ferrariensi
536 2625 662 2701 Historiae
681 2625 852 2700 illustranda
878 2627 1047 2702 inserviunt.
1074 2630 1120 2686 Ita
1148 2645 1210 2685 vcro

249 2704 404 2765 Ciceronem
430 2702 647 2766 Bartholamaeue'
662 2706 776 2765 Riccim
795 2704 825 2762 in
845 2705 879 2763 iis
901 2707 1031 2767 imitatus
1049 2707 1113 2784 esi,
1140 2702 1214 2784 ejus·

250 2805 314 2864 quen
319 2781 458 2859 scribendi
477 2785 605 2845 rationem
624 2785 664 2861 est
684 2785 843 2862 afferatus,
861 2801 894 2842 ut
914 2787 1050 2847 Ciceronis
1070 2783 1156 2867 ipfius
1175 2783 1215 2861 es·

243 2863 278 2941 se
298 2863 462 2924 videantur.
485 2868 624 2946 Magnam
638 2879 717 2944 porro
732 2863 982 2941 familiaritatem,
1001 2867 1042 2928 Θ·
1061 2865 1213 2925 amicitiam

249 2939 305 3024 ipst
317 2965 381 3004 cum
402 2944 476 3004 Viris
505 2944 624 3005 literatis
638 2942 738 3020 saculi
757 2943 856 3005 decimi
878 2946 955 3023 sexti
984 2943 1148 3023 interceffiffi
1170 2944 1215 3002 l-

249 3021 368 3084 culenter
384 3024 480 3100 paffint
501 3022 658 3101 oflendunt.
678 3022 805 3104 Singulis
825 3041 916 3082 autem
938 3023 1131 3098 Bartholomai
1149 3023 1216 3084 Ric-

247 3094 286 3164 cii
303 3101 422 3182 epistolis
438 3115 603 3182 'argumenta
630 3124 649 3160 a
674 3123 716 3161 me
743 3123 831 3164 recens
857 3100 975 3182 confecia
1001 3125 1047 3188 ego
1075 3103 1217 3176 Antonius

249 3178 382 3241 Zanclini
400 3181 540 3263 apposui,
571 3199 604 3241 ut
623 3183 730 3257 Latina
748 3183 791 3242 lin
808 3204 849 3243 ua
868 3200 977 3262 operam
992 3185 1092 3246 dantes
1107 3183 1148 3242 ad
1169 3205 1217 3242 eae

249 3259 380 3345 legendas
401 3264 491 3343 magis
505 3263 680 3339 excitentur,
703 3262 742 3323 (θ’
757 3286 775 3322 a
814 3261 851 3321 iis
865 3264 983 3341 facilius
1002 3262 1215 3344 intelligantur.

265 3447 323 3464 ···
444 3424 676 3485 'TOMUS
709 3425 1011 3492 TERTIUS..

249 3499 296 3562 De
319 3497 493 3563 Imitatione
516 3503 599 3565 Libri
614 3519 669 3565 tres
690 3504 728 3566 ad
752 3503 937 3583 Alphonsum
958 3504 1107 3568 Atestium
1129 3503 1215 3567 Prin·

266 3608 269 3613 ·
288 3579 386 3658 cipe-m
411 3580 543 3643 suumin
567 3582 658 3645 literis
678 3584 870 3661 Alumnum,
889 3585 1025 3659 Herculis
1042 3586 1096 3647 112.
1109 3585 1215 3648 Ferra-

289 3659 338 3719 riae
357 3660 647 3742 Principis-Filium.
720 3716 722 3721 .
891 3708 894 3715 ·
911 3714 913 3718 .
1189 3715 1191 3718 .

317 3737 391 3799 lbros
411 3758 466 3800 tres
483 3741 519 3802 de
537 3743 693 3802 'inritatione
707 3741 848 3824 Alpbansc
862 3746 989 3824 Prineipi
1002 3741 1218 3806 Bartholomaeus

330 3819 440 3881 Riccius
454 3821 577 3909 prinum
595 3821 756 3902 iustum,
776 3823 878 3886 deinde
898 3825 1002 3899 eosdem
1017 3821 1126 3905 Aloyfio
1147 3827 1219 3916 Fra·

309 3936 312 3941 ,
1137 3922 1176 3964 tre

154 3878 202 4034 δ
