3000 4559
286 503 895 618 ssAuTnouottAEt
953 468 1211 621 mccii

524 704 915 817 40RAT10

300 888 304 893 ’
340 868 424 943 mo
445 862 595 943 rsuu'co
615 873 947 946 Auurvuuuuuto
969 873 1163 946 ueneno

271 1039 326 1099 ‚J-
387 1018 512 1083 ,7··1Uae
533 1017 597 1080 duae
618 1031 661 1078 res
682 1016 714 1077 in
733 1017 848 1089 iudiciis
868 1038 918 1081 reo
938 1020 1067 1082 maxime
1082 1019 1225 1083 adversari

271 1118 274 1130 ’
409 1102 430 1182 ’ᾗ
473 1092 582 1172 solent,
602 1098 646 1158 hae
662 1096 760 1160 Isaaco
775 1097 885 1175 ambae,
901 1099 1035 1182 Princeps
1051 1100 1225 1184 aequiffime,

411 1185 443 1291 gp
473 1175 504 1315 isn
525 1177 578 1317 bac
597 1179 660 1320 letius
681 1177 850 1329 gravilffipma
878 1179 1149 1322 capsspepluritpum
1172 1179 1225 1244 ob-

422 1299 426 1314 „
487 1276 525 1316 un
551 1278 557 1291 ·

269 1324 323 1357 ⁵⁴⁹·
336 1364 362 1370 w
371 1276 443 1369 ³3³²
472 1278 614 1398 inseniuam
622 1271 765 1412 ibreii,-
778 1275 1226 1402 iitlcaelinuoambisoveetieamrnenbif

258 1423 303 1472 tta
325 1413 451 1474 caussam
474 1415 602 1491 inrisus,
627 1415 791 1498 spretusque
813 1417 863 1478 sit.
920 1437 969 1479 am
991 1418 1067 1500 apud
1090 1435 1119 1481 te
1140 1418 1222 1491 Judi·

256 1506 320 1552 cem
336 1494 459 1554 caussam
475 1493 565 1569 dicit,
587 1497 634 1559 cui
652 1496 768 1558 insidias
784 1494 875 1558 fecisse
891 1496 1057 1567 accusarur3
1080 1497 1104 1558 is
1122 1511 1223 1560 autem

257 1590 292 1631 ex
323 1591 363 1661 eo
391 1571 430 1662 esi
459 1573 613 1637 hominum
634 1596 770 1658 genere,
799 1577 852 1716 pui
882 1577 930 1638 vel
951 1598 969 1638 a
989 1576 1145 1647 majoribus
1165 1576 1224 1639 suis

257 1641 432 1713 Christianis
452 1653 564 1716 summo
586 1657 696 1747 semper
715 1656 783 1718 odio
818 1670 936 1734 uerunt,
960 1674 993 1720 ut
1013 1657 1092 1740 quod
1112 1659 1144 1719 iu
1187 1657 1227 1719 ri·

255 1733 313 1792 mis
335 1730 481 1794 accusator
502 1734 533 1795 in
557 1734 680 1808 Judicris
702 1735 828 1798 dicendo
849 1735 901 1798 fibi
921 1757 1089 1820 comparare
1110 1737 1152 1799 stu
1174 1752 1221 1813 et,

256 1822 287 1872 ut
309 1810 418 1883 Judicis
439 1814 571 1876 animum
594 1816 625 1877 in
649 1815 729 1878 suam
752 1815 926 1879 sententiam
949 1816 1105 1894 traducat,
1137 1830 1222 1880 reum

248 1888 351 1960 ¹Judici
373 1892 404 1953 in
424 1905 642 1977 contemptum,
665 1908 755 1978 atque
775 1896 876 1959 odium
896 1896 1040 1974 adducat,
1062 1913 1222 1980 utrumque

253 1971 351 2034 noster
370 1972 419 2033 vel
439 1974 535 2037 multo
557 1988 641 2050 ante,
662 1992 752 2058 quam
775 1996 817 2037 res
828 1977 858 2037 in
868 1976 1016 2048 Judieium
1038 1979 1171 2051 veniret,
1195 1976 1224 2036 se

256 2051 442 2114 consecutum
465 2053 519 2114 esse
540 2053 686 2135 intelligat
704 2076 712 2124 3
735 2075 795 2137 qua
816 2076 876 2116 uua
896 2073 1014 2138 quoque
1034 2057 1148 2117 ratione
1169 2053 1225 2116 fre-

256 2144 328 2207 tus,
349 2130 399 2194 sua
419 2149 536 2208 autem,
559 2148 648 2224 quam
672 2132 721 2194 abs
740 2149 769 2194 te
784 2134 935 2215 ingentem
953 2133 1062 2195 auferre
1079 2134 1225 2214 speravit,

253 2222 331 2274 coeca
352 2214 478 2293 pecunia
499 2212 641 2274 aviditate
664 2211 831 2292 impulsus,
853 2213 931 2274 hunc
952 2213 983 2273 in
1003 2211 1058 2285 id,
1077 2211 1157 2293 quod
1178 2212 1225 2272 vi·

250 2289 321 2367 des,
341 2292 444 2371 capitis
464 2289 616 2351 discrimen
637 2292 788 2362 conjecit,
809 2306 844 2351 ut
864 2290 941 2364 nisi,
963 2289 1118 2373 aequissime
1139 2289 1224 2352 Prin·

250 2384 338 2451 eeps,
361 2385 413 2430 tua
433 2370 464 2429 in
485 2368 797 2451 judicandofingularis
817 2368 911 2428 animi
930 2369 991 2430 inte
1013 2368 1106 2444 ritas,
1127 2368 1223 2431 nostra

249 2465 356 2512 tutem
381 2448 494 2511 summa
515 2449 683 2511 innocentia
703 2447 787 2511 nobie
808 2446 900 2529 presto
921 2449 957 2510 ad
993 2465 1060 2524 ent,
1080 2448 1115 2511 de
1136 2447 1221 2510 nobis

248 2530 378 2591 omnino
406 2527 503 2590 adum
533 2530 583 2591 esse
610 2529 824 2600 judicaremus.
853 2527 906 2591 Sed
936 2548 1003 2591 cum
1033 2528 1078 2589 his
1105 2527 1220 2592 duobus

272 2608 388 2671 residiis
409 2607 481 2690 septi
502 2619 667 2688 teneamur,
689 2609 765 2671 nihil
782 2607 839 2682 est,
861 2607 939 2691 quod
956 2607 1151 2672 adversarium
1167 2629 1223 2672 no-

364 2689 523 2772 quicquam
534 2690 787 2771 pertimescamuS.
810 2687 962 2752 Continuo
971 2688 1075 2752 enima
1097 2708 1148 2754 tua
1165 2688 1219 2751 ilia

248 2764 366 2830 summa
385 2769 522 2851 aequitate
552 2769 636 2832 facile
665 2767 911 2855 impetrabimus,
939 2785 973 2834 ut
1002 2769 1139 2853 tantisper
1157 2770 1219 2840 ejus

250 2841 367 2916 Judicis
389 2848 541 2927 personam
563 2848 674 2926 sumas,
695 2851 747 2934 qui
768 2847 975 2920 injudicando
994 2848 1031 2913 ab
1052 2849 1135 2912 omni
1156 2850 1220 2911 ani-

248 2927 293 2990 mi
315 2925 534 3007 perturbatione
554 2948 661 2991 vacuus
673 2929 725 3003 sit,
746 2929 843 3015 quoad
860 2930 983 2991 caussam
999 2927 1216 3011 perorabimus;

249 3022 273 3068 a
288 3008 388 3070 nostra
408 3020 507 3068 autem
528 3006 643 3079 hujusce
664 3009 740 3071 tanti
762 3008 872 3070 sceleris
900 3007 983 3070 nulla
1004 3009 1118 3088 prorsus
1140 3028 1174 3069 co
1195 3007 1219 3067 i⁴

250 3086 396 3160 tatione,
424 3083 595 3166 summaque
613 3087 662 3147 vel
682 3088 773 3148 totius
794 3088 863 3148 vita
883 3087 1052 3149 innocentia
1073 3084 1103 3148 id
1119 3027 1218 3148 conie-

274 3182 401 3239 uemur,
430 3178 545 3228 utnon
566 3164 659 3226 solum
680 3163 736 3226 hoc
758 3180 811 3226 nos
831 3177 942 3240 tamo,
974 3174 1094 3247 tamque
1124 3161 1217 3227 atroci
1245 3195 1251 3231 ·,

248 3183 366 3315 §udicio
387 3242 565 3322 liberemus,
595 3258 629 3306 ae
648 3243 774 3307 caussam
796 3245 929 3306 nostram
952 3242 1007 3306 ribi
1028 3242 1218 3326 aequiffimam

248 3324 424 3406 probemus,
442 3344 546 3389 verum
566 3324 675 3401 etiam,
696 3340 730 3387 ut
751 3322 848 3407 ipssrm
871 3323 1037 3399 auflorem,
1057 3322 1133 3386 unde
1155 3340 1223 3386 tan·

250 3418 319 3468 tum
342 3404 430 3467 scelus
453 3407 484 3468 in
507 3426 561 3468 nos
583 3423 645 3468 tam
665 3404 757 3486 impie
778 3403 939 3467 conflatum
961 3403 1017 3480 est,
1039 3403 1094 3465 tibi
1116 3404 1218 3469 couvi·

248 3483 350 3560 etum,
371 3485 556 3568 eodemque,
574 3506 635 3569 quo
655 3501 709 3547 nos
731 3484 792 3567 ipse
814 3482 980 3546 afficiendos
999 3483 1053 3546 esse
1074 3483 1218 3566 speravit,

248 3563 419 3646 gravimmo
434 3565 659 3629 excruciandum
676 3566 825 3628 tradamus
842 3562 998 3645 supplicio.
1017 3563 1119 3628 Tanta
1133 3565 1215 3627 enim

248 3643 297 3706 vis
318 3647 359 3709 esi
380 3647 570 3723 innocentiae,
591 3662 707 3709 tantum
728 3643 908 3729 praesidium,
928 3643 1021 3730 sicque
1041 3643 1133 3727 perse
1153 3645 1216 3736 ipsa

250 3722 357 3807 septa,
386 3740 475 3807 atque
496 3741 561 3788 tuta
581 3726 645 3803 est,
674 3741 707 3788 ut
736 3724 872 3788 adversus
895 3743 959 3785 eam
979 3722 1061 3786 nulla
1080 3725 1215 3861 malitia5

248 3804 348 3871 nullus
368 3803 470 3882 dolui,
491 3804 826 3891 nullasreusquicquam
834 3802 995 3871 machinati
1011 3804 1194 3940 posiit,nppo
