3000 4559
318 473 378 537 130
536 453 790 513 BARTHOL.
822 452 985 513 niceri

272 549 351 609 tem:
374 528 425 595 sub
443 531 547 595 mensis
568 532 603 594 Se
624 531 741 594 tembris
764 530 875 594 exitum
897 551 965 593 cum
986 523 1064 610 apud
1085 547 1135 591 me
1158 529 1236 608 ell'etj

273 616 312 685 ad
331 631 420 697 quem
440 611 583 675 ventitare
604 551 729 687 dolebat,
749 610 822 673 duos
842 610 931 674 Cives
954 626 1019 671 tuos
1041 610 1235 686 intervenisse,

275 715 383 777 meque
403 713 470 755 cum
492 693 556 766 eis,
589 690 616 753 se
636 689 796 772 prasente,
817 690 898 773 quafi
920 711 978 752 uno
998 689 1059 760 iam
1080 710 1117 750 ex
1139 689 1234 754 nollris

274 774 372 847 fallo,
393 772 429 837 de
451 787 514 834 toto
535 771 655 852 negotio
675 771 839 853 longiorem
860 770 1020 831 sermonem
1042 767 1186 846 habuille,
1205 788 1236 835 ae

273 875 378 918 eorum
398 853 522 917 alterum
540 894 549 924 ‚
569 871 636 913 eum
658 850 717 922 jam
739 849 920 925 discederet,
948 848 996 912 sibi
1018 848 1051 910 in
1073 851 1169 912 altero
1187 850 1235 913 hu·

273 955 357 999 mero
378 953 468 994 manu
487 930 638 1010 imposita,
657 931 737 1012 quasi
758 929 954 992 blandientem
975 929 1076 991 dixisse
1093 974 1101 989 .
1132 928 1234 1002 caso,

273 1012 328 1080 fac.
344 1013 427 1076 nobis
448 1009 563 1077 fidelem
585 1030 702 1090 operam
723 1010 852 1090 praestes,
873 1009 920 1083 dr,
942 1029 1005 1093 quae
1025 1007 1108 1072 voles
1130 1007 1237 1090 amplis·

272 1094 360 1165 sima,
378 1090 487 1154 anobis
497 1090 593 1171 postea
604 1090 698 1169 spera.
716 1091 806 1153 Nunc
814 1090 983 1175 aliquante,
1001 1087 1162 1171 Princeps,
1176 1108 1234 1169 pru·

276 1173 393 1242 dentior
413 1169 505 1231 foditis
528 1173 566 1234 eil
589 1170 736 1232 accusator
756 1170 864 1233 noster.
894 1168 1016 1231 Constat
1037 1168 1147 1243 enim,
1175 1183 1236 1232 tuuc

271 1251 411 1332 temporis
434 1270 481 1312 me
504 1251 635 1312 Veneriis
658 1247 711 1311 elle
731 1269 739 1320 ;
759 1247 871 1312 fortasse
892 1249 1001 1323 etiam,
1023 1267 1099 1330 quos
1122 1247 1172 1310 iste
1186 1267 1231 1309 no·

271 1332 397 1406 minat,
424 1330 512 1393 Cives
536 1347 619 1393 tuos.
647 1329 701 1391 Sed
724 1329 780 1393 hoo
800 1328 924 1411 Gyplius
947 1345 1014 1390 tuus
1046 1328 1106 1389 Vir
1127 1327 1229 1409 semper

295 1409 508 1473 rudentillimus
540 1410 606 1473 satis
628 1407 681 1472 etse
698 1429 759 1473 non
775 1409 892 1489 putavit
916 1429 925 1478 3
952 1406 1079 1471 &rene
1102 1407 1229 1488 putavit.
1252 1465 1254 1471 .

272 1430 345 1553 lion
368 1491 447 1553 enim
470 1490 537 1551 satis
559 1490 617 1564 est,
634 1490 654 1551 fi
674 1488 709 1551 de
730 1505 861 1570 tempore
878 1504 992 1551 tantum
1015 1487 1144 1552 constet.
1162 1485 1233 1549 Mul-

271 1585 304 1645 ta
324 1571 408 1641 enim,
424 1569 482 1632 alia
497 1568 533 1632 ad
556 1589 656 1633 veram
677 1569 801 1639 cuiusvis
823 1569 864 1632 rei
886 1567 1087 1650 probationem
1110 1583 1144 1630 ut
1170 1586 1233 1629 con-

271 1648 479 1726 stenr,necetse
500 1649 555 1711 est.
576 1650 657 1713 Nam
678 1648 697 1711 si
718 1649 761 1711 ita
781 1649 888 1731 cuique
910 1645 980 1709 fides
1002 1646 1165 1723 habeatur,
1182 1644 1229 1736 qui

271 1728 392 1810 aliquod
421 1729 471 1792 sibi
494 1728 552 1790 tale
572 1727 749 1804 somniarit,
780 1727 828 1790 vel
847 1726 884 1791 ad
905 1726 1036 1868 alipuam
1051 1727 1142 1789 'suam
1163 1725 1232 1789 unli-

272 1823 366 1871 tatem
389 1807 563 1873 confinxerit
587 1807 743 1889 ,quotidie
764 1806 930 1878 huiusmodi
964 1805 1098 1871 alfiffima
1118 1805 1171 1869 tibi
1189 1825 1229 1869 ex·

272 1886 393 1949 ercenda
422 1888 507 1948 ellent
528 1885 651 1957 judicia.
680 1887 752 1949 Haec
772 1887 891 1968 quidem
922 1886 960 1949 ad
982 1884 1231 1950 criminationisi·

272 1964 342 2030 ilius
362 1964 495 2029 ordinem
516 1965 616 2029 valent
636 1966 758 2047 aliquid,
780 1966 817 2028 ad
837 1970 900 2028 rem
920 1983 1020 2031 autem
1041 1965 1228 2049 probatiorem

271 2044 454 2110 efficiendam
484 2044 559 2107 nihil
582 2045 754 2121 infirmius,
782 2046 858 2109 nihil
881 2045 1049 2128 languidius
1080 2043 1228 2127 excogitati

292 2125 387 2189 otuit.
418 2127 461 2189 At
480 2146 533 2189 nos
554 2142 655 2189 contra
674 2126 825 2189 videamus
847 2145 911 2208 quae
931 2127 1052 2189 caussam
1091 2125 1230 2199 nostram,

270 2144 329 2268 boc
349 2206 407 2280 est,
428 2205 601 2283 veritatem,
623 2206 750 2270 maxime
772 2205 935 2269 sublevant.
968 2206 1010 2267 Ut
1031 2205 1138 2287 cuique
1156 2204 1228 2277 arri,

272 2285 412 2369 Princeps
433 2285 600 2360 Hercules,
622 2285 672 2348 sua
692 2285 759 2349 sunt
778 2286 913 2370 propria,
931 2301 1019 2366 atque
1041 2299 1123 2347 certa·
1140 2283 1228 2347 instru-

205 2421 207 2425 ,
273 2381 402 2441 menta,
433 2366 539 2447 quibus
560 2365 597 2429 ad
625 2386 668 2429 res
690 2382 805 2427 caeteras
827 2367 925 2446 postea
944 2363 1140 2429 conficiendas
1157 2359 1228 2505 opifi-

152 2466 156 2473 “
272 2462 318 2509 ces
349 2460 499 2521 utantur,
528 2446 564 2507 fic
586 2446 619 2506 in
650 2443 819 2508 hominibus
847 2445 937 2507 etiam
968 2444 1087 2507 evenire
1114 2456 1226 2505 conat.

270 2523 390 2589 Horum
412 2525 491 2589 enirn
512 2523 564 2587 alii
585 2523 683 2586 studiis
698 2522 883 2599 liberalibus,
903 2522 954 2586 alii
976 2523 1112 2596 militiae3
1134 2540 1226 2585 merca·

271 2618 342 2665 rura
371 2601 424 2663 alii
442 2626 450 2674 3
480 2625 552 2684 agro
572 2602 694 2665 colendo
715 2603 879 2684 complures
899 2623 909 2674 3
938 2602 989 2665 alii
1019 2603 1086 2667 aliis
1107 2602 1185 2666 rebus
1200 2620 1224 2661 a·

271 2680 386 2760 priores¹
403 2682 575 2754 naseuntur.
605 2683 711 2761 Neque
732 2683 811 2745 enim
834 2682 885 2766 qui
902 2681 1006 2746 ¹homo
1027 2684 1079 2746 uni
1104 2681 1191 2744 lludio
1206 2679 1226 2742 i·

271 2759 384 2827 doneus
405 2759 491 2834 erit,
519 2761 662 2823 continuo
692 2761 829 2824 omnibus
850 2761 970 2829 idoneus
990 2762 1064 2826 etit.
1085 2763 1127 2824 Ut
1147 2762 1224 2824 eriam

271 2836 436 2911 mulieres,
456 2858 520 2919 quae
541 2859 595 2902 acu
615 2837 740 2916 valent,
761 2841 917 2922 ineptiores
937 2841 1034 2923 postea
1055 2841 1123 2906 sunt
1146 2840 1179 2903 ad
1191 2839 1224 2929 la·

269 2936 366 2991 uam,
388 2914 424 2985 ad
444 2917 573 2994 colum,
594 2918 630 2981 ad
643 2919 757 2983 telam.
778 2921 858 2984 Huic
879 2938 980 2985 autem
1002 2919 1100 2984 nostro
1120 2920 1156 2983 ab
1174 2936 1223 2988 erus

268 2994 426 3067 maioribus
450 3015 617 3062 mercaturae
638 2998 763 3064 studium
785 3001 850 3076 est,
893 2999 924 3062 ui
941 3000 1068 3082 Neapoli
1091 3023 1109 3062 a
1131 2999 1168 3063 ud
1181 2996 1223 3061 ul·

267 3075 420 3157 phonsos,
442 3077 667 3154 Ferdinandos,
689 3079 720 3140 &
740 3081 866 3163 reliquos
911 3101 977 3160 eges
999 3092 1047 3143 am
1071 3080 1092 3142 li
1115 3096 1222 3142 imane·

268 3157 353 3245 gotia
383 3156 585 3219 summarum
613 3159 783 3239 integritare
804 3161 942 3240 gellere3
971 3161 1024 3222 hos
1046 3101 1095 3222 liic
1112 3159 1223 3229 ¹secutus

267 3252 301 3297 m
322 3239 424 3307 eorurri
444 3237 586 3313 moribuS,
607 3255 695 3321 atque
715 3239 853 3303 institutis
874 3239 1044 3322 permansit.
1066 3238 1147 3316 Quid
1165 3256 1224 3301 vero

268 3335 337 3383 curn
352 3334 527 3387 ‘mercatore
554 3317 655 3381 sicario
675 3363 684 3391 ,
714 3336 803 3401 atque
823 3320 929 3382 latroni
951 3339 1110 3381 commune
1131 3318 1164 3381 lit
1179 3334 1224 3394 ‚r—

269 3394 388 3481 quidem
410 3394 509 3461 uidere
529 3417 589 3457 non
610 3399 739 3478 polium.
762 3399 796 3461 Id
817 3416 896 3463 certo
915 3399 973 3460 scio
990 3442 1000 3473 ‚
1020 3397 1102 3481 quod
1120 3414 1224 3461 metum

269 3487 359 3533 etiam
379 3491 482 3539 omnes
505 3474 637 3539 homines
659 3476 752 3539 sciunt
769 3523 779 3554 ‚
800 3479 889 3541 solere
909 3477 1004 3558 magis
1025 3493 1226 3541 mercatoresa

265 3549 372 3612 ficariis
402 3552 555 3643 interfici,
584 3578 601 3617 a
629 3556 791 3621 latronibus
820 3558 952 3638 spoliari,
975 3577 1068 3639 quam
1098 3579 1149 3622 eos
1168 3575 1224 3619 rou·

270 3643 318 3691 tra
337 3645 428 3692 artem
459 3633 543 3695 illam
563 3635 595 3699 in
616 3636 690 3699 alios
717 3657 862 3711 exercere.
890 3643 931 3700 At
953 3653 986 3702 ut
1004 3636 1104 3701 multa
1134 3638 1225 3703 instru-
1268 3664 1269 3689 1

267 3724 392 3799 menta,
424 3712 528 3794 quibus
559 3715 591 3776 in
612 3715 728 3777 diversis
759 3715 840 3781 rebus
862 3718 937 3781 rene
966 3733 1117 3793 utamur,
1146 3715 1223 3780 etiam

265 3785 466 3865 fabricanturr
487 3793 523 3859 lic
544 3795 666 3861 mininie
686 3797 817 3881 mirum,
843 3797 864 3863 li
891 3811 1036 3882 mercator
1056 3797 1171 3871 audax,
1186 3815 1222 3869 re,
1268 3828 1270 3867 :

1044 3934 1048 3940 .
1090 3934 1092 3939 .
1145 3890 1193 3942 aut
1268 3884 1270 3896 '
