<?xml version="1.0" encoding="UTF-8"?>
<!DOCTYPE html PUBLIC "-//W3C//DTD XHTML 1.0 Transitional//EN"
    "http://www.w3.org/TR/xhtml1/DTD/xhtml1-transitional.dtd">
<html xmlns="http://www.w3.org/1999/xhtml" xml:lang="en" lang="en">
 <head>
  <title>
</title>
<meta http-equiv="Content-Type" content="text/html;charset=utf-8" />
  <meta name='ocr-system' content='tesseract 3.04.00' />
  <meta name='ocr-capabilities' content='ocr_page ocr_carea ocr_par ocr_line ocrx_word'/>
</head>
<body>
  <div class='ocr_page' id='page_1' title='image "./operumtomusprim00riccgoog/operumtomusprim00riccgoog_0181.png"; bbox 0 0 3000 4559; ppageno 0'>
   <div class='ocr_carea' id='block_1_1' title="bbox 263 481 1239 3504">
    <p class='ocr_par' dir='ltr' id='par_1_1' title="bbox 545 481 1198 570">
     <span class='ocr_line' id='line_1_1' title="bbox 545 481 1198 570; baseline 0.012 -26"><span class='ocrx_word' id='word_1_1' title='bbox 545 481 953 545; x_wconf 75' lang='lat' dir='ltr'>onATioNss.</span> <span class='ocrx_word' id='word_1_2' title='bbox 1134 505 1198 570; x_wconf 77' lang='lat'>&#39;125</span> 
     </span>
    </p>

    <p class='ocr_par' dir='ltr' id='par_1_2' title="bbox 263 560 1234 812">
     <span class='ocr_line' id='line_1_2' title="bbox 263 560 1234 650; baseline 0.005 -23"><span class='ocrx_word' id='word_1_3' title='bbox 263 566 354 650; x_wconf 73' lang='lat' dir='ltr'>quani</span> <span class='ocrx_word' id='word_1_4' title='bbox 375 560 503 625; x_wconf 89' lang='lat' dir='ltr'>nostrum</span> <span class='ocrx_word' id='word_1_5' title='bbox 525 562 644 638; x_wconf 88' lang='lat' dir='ltr'>credat,</span> <span class='ocrx_word' id='word_1_6' title='bbox 664 561 806 624; x_wconf 91' lang='lat' dir='ltr'>continuo</span> <span class='ocrx_word' id='word_1_7' title='bbox 828 561 953 636; x_wconf 92' lang='lat' dir='ltr'>sciat‚si</span> <span class='ocrx_word' id='word_1_8' title='bbox 974 580 1016 624; x_wconf 87' lang='lat' dir='ltr'>res</span> <span class='ocrx_word' id='word_1_9' title='bbox 1037 565 1192 645; x_wconf 86' lang='lat' dir='ltr'>prodatur,</span> <span class='ocrx_word' id='word_1_10' title='bbox 1214 565 1234 634; x_wconf 83' lang='lat' dir='ltr'>ll</span> 
     </span>
     <span class='ocr_line' id='line_1_3' title="bbox 264 639 1233 730; baseline -0.001 -23"><span class='ocrx_word' id='word_1_11' title='bbox 264 643 332 707; x_wconf 82' lang='lat' dir='ltr'>casu</span> <span class='ocrx_word' id='word_1_12' title='bbox 375 641 452 705; x_wconf 89' lang='lat' dir='ltr'>alam</span> <span class='ocrx_word' id='word_1_13' title='bbox 475 640 554 717; x_wconf 86' lang='lat' dir='ltr'>siat,</span> <span class='ocrx_word' id='word_1_14' title='bbox 582 663 641 704; x_wconf 91' lang='lat' dir='ltr'>non</span> <span class='ocrx_word' id='word_1_15' title='bbox 664 657 724 703; x_wconf 92' lang='lat' dir='ltr'>tam</span> <span class='ocrx_word' id='word_1_16' title='bbox 747 661 799 703; x_wconf 93' lang='lat' dir='ltr'>nos</span> <span class='ocrx_word' id='word_1_17' title='bbox 822 639 1001 704; x_wconf 87' lang='lat' dir='ltr'>damnandos</span> <span class='ocrx_word' id='word_1_18' title='bbox 1024 644 1099 720; x_wconf 89' lang='lat' dir='ltr'>esse,</span> <span class='ocrx_word' id='word_1_19' title='bbox 1128 647 1233 730; x_wconf 81' lang='lat' dir='ltr'>quibus</span> 
     </span>
     <span class='ocr_line' id='line_1_4' title="bbox 265 663 1234 812; baseline 0.003 -25"><span class='ocrx_word' id='word_1_20' title='bbox 265 723 337 789; x_wconf 88' lang='lat' dir='ltr'>sides</span> <span class='ocrx_word' id='word_1_21' title='bbox 355 663 392 785; x_wconf 66' lang='lat' dir='ltr'>bt</span> <span class='ocrx_word' id='word_1_22' title='bbox 415 722 522 797; x_wconf 92' lang='lat' dir='ltr'>nulla,</span> <span class='ocrx_word' id='word_1_23' title='bbox 565 729 634 784; x_wconf 89' lang='lat' dir='ltr'>uam</span> <span class='ocrx_word' id='word_1_24' title='bbox 655 721 707 804; x_wconf 93' lang='lat' dir='ltr'>qui</span> <span class='ocrx_word' id='word_1_25' title='bbox 730 719 913 796; x_wconf 87' lang='lat' dir='ltr'>credidisset,</span> <span class='ocrx_word' id='word_1_26' title='bbox 931 722 1061 812; x_wconf 90' lang='lat' dir='ltr'>graviter</span> <span class='ocrx_word' id='word_1_27' title='bbox 1082 725 1135 787; x_wconf 85' lang='lat' dir='ltr'>esse</span> <span class='ocrx_word' id='word_1_28' title='bbox 1155 729 1234 790; x_wconf 86' lang='lat' dir='ltr'>viru·</span> 
     </span>
    </p>

    <p class='ocr_par' dir='ltr' id='par_1_3' title="bbox 264 741 1239 2058">
     <span class='ocr_line' id='line_1_5' title="bbox 301 741 1236 884; baseline 0.003 -20"><span class='ocrx_word' id='word_1_29' title='bbox 301 801 452 877; x_wconf 80' lang='lat' dir='ltr'>randum,</span> <span class='ocrx_word' id='word_1_30' title='bbox 479 741 564 884; x_wconf 76' lang='lat' dir='ltr'>quodl</span> <span class='ocrx_word' id='word_1_31' title='bbox 589 800 785 882; x_wconf 85' lang='lat' dir='ltr'>imprudenter</span> <span class='ocrx_word' id='word_1_32' title='bbox 816 801 988 866; x_wconf 90' lang='lat' dir='ltr'>crediderit.</span> <span class='ocrx_word' id='word_1_33' title='bbox 1019 805 1092 877; x_wconf 85' lang='lat' dir='ltr'>Quae</span> <span class='ocrx_word' id='word_1_34' title='bbox 1120 808 1236 881; x_wconf 86' lang='lat' dir='ltr'>omnia,</span> 
     </span>
     <span class='ocr_line' id='line_1_6' title="bbox 288 879 1236 964; baseline 0.003 -20"><span class='ocrx_word' id='word_1_35' title='bbox 288 882 426 964; x_wconf 89' lang='lat' dir='ltr'>rinceps,</span> <span class='ocrx_word' id='word_1_36' title='bbox 447 899 481 943; x_wconf 90' lang='lat' dir='ltr'>eo</span> <span class='ocrx_word' id='word_1_37' title='bbox 504 880 659 963; x_wconf 80' lang='lat' dir='ltr'>speslant,</span> <span class='ocrx_word' id='word_1_38' title='bbox 682 898 714 943; x_wconf 91' lang='lat' dir='ltr'>ut</span> <span class='ocrx_word' id='word_1_39' title='bbox 736 879 822 962; x_wconf 88' lang='lat' dir='ltr'>plane</span> <span class='ocrx_word' id='word_1_40' title='bbox 842 881 967 957; x_wconf 86' lang='lat' dir='ltr'>videas,</span> <span class='ocrx_word' id='word_1_41' title='bbox 1000 882 1094 948; x_wconf 88' lang='lat' dir='ltr'>nullas</span> <span class='ocrx_word' id='word_1_42' title='bbox 1115 885 1236 947; x_wconf 84' lang='lat' dir='ltr'>anobis</span> 
     </span>
     <span class='ocr_line' id='line_1_7' title="bbox 264 959 1237 1044; baseline 0.002 -20"><span class='ocrx_word' id='word_1_43' title='bbox 264 959 320 1024; x_wconf 90' lang='lat' dir='ltr'>tibi</span> <span class='ocrx_word' id='word_1_44' title='bbox 344 981 436 1044; x_wconf 86' lang='lat' dir='ltr'>neque</span> <span class='ocrx_word' id='word_1_45' title='bbox 458 959 609 1035; x_wconf 75' lang='lat' dir='ltr'>debuisse,</span> <span class='ocrx_word' id='word_1_46' title='bbox 638 980 729 1044; x_wconf 89' lang='lat' dir='ltr'>neque</span> <span class='ocrx_word' id='word_1_47' title='bbox 752 959 873 1041; x_wconf 85' lang='lat' dir='ltr'>potuisse</span> <span class='ocrx_word' id='word_1_48' title='bbox 894 959 955 1024; x_wconf 88' lang='lat' dir='ltr'>fieri</span> <span class='ocrx_word' id='word_1_49' title='bbox 976 961 1116 1025; x_wconf 83' lang='lat' dir='ltr'>infidias.</span> <span class='ocrx_word' id='word_1_50' title='bbox 1148 966 1237 1032; x_wconf 89' lang='lat' dir='ltr'>Nunc</span> 
     </span>
     <span class='ocr_line' id='line_1_8' title="bbox 265 1039 1237 1125; baseline 0.003 -21"><span class='ocrx_word' id='word_1_51' title='bbox 265 1061 338 1105; x_wconf 80' lang='lat' dir='ltr'>vero</span> <span class='ocrx_word' id='word_1_52' title='bbox 354 1061 445 1124; x_wconf 91' lang='lat' dir='ltr'>neque</span> <span class='ocrx_word' id='word_1_53' title='bbox 462 1061 509 1103; x_wconf 88' lang='lat' dir='ltr'>eas</span> <span class='ocrx_word' id='word_1_54' title='bbox 527 1039 615 1101; x_wconf 76' lang='lat' dir='ltr'>saetas</span> <span class='ocrx_word' id='word_1_55' title='bbox 634 1040 684 1101; x_wconf 90' lang='lat' dir='ltr'>else</span> <span class='ocrx_word' id='word_1_56' title='bbox 702 1041 815 1122; x_wconf 90' lang='lat' dir='ltr'>planius</span> <span class='ocrx_word' id='word_1_57' title='bbox 833 1040 994 1104; x_wconf 85' lang='lat' dir='ltr'>adversario</span> <span class='ocrx_word' id='word_1_58' title='bbox 1012 1041 1106 1105; x_wconf 87' lang='lat' dir='ltr'>nostro</span> <span class='ocrx_word' id='word_1_59' title='bbox 1123 1044 1237 1125; x_wconf 90' lang='lat' dir='ltr'>respon·</span> 
     </span>
     <span class='ocr_line' id='line_1_9' title="bbox 267 1119 1236 1201; baseline 0.003 -19"><span class='ocrx_word' id='word_1_60' title='bbox 267 1119 364 1183; x_wconf 87' lang='lat' dir='ltr'>dendo</span> <span class='ocrx_word' id='word_1_61' title='bbox 393 1121 447 1183; x_wconf 93' lang='lat' dir='ltr'>tibi</span> <span class='ocrx_word' id='word_1_62' title='bbox 466 1119 745 1201; x_wconf 78' lang='lat' dir='ltr'><strong>comprobabimus.</strong></span> <span class='ocrx_word' id='word_1_63' title='bbox 775 1122 844 1195; x_wconf 85' lang='lat' dir='ltr'>Ac,</span> <span class='ocrx_word' id='word_1_64' title='bbox 876 1137 908 1183; x_wconf 91' lang='lat' dir='ltr'>ut</span> <span class='ocrx_word' id='word_1_65' title='bbox 938 1121 1014 1184; x_wconf 91' lang='lat' dir='ltr'>nibil</span> <span class='ocrx_word' id='word_1_66' title='bbox 1045 1121 1089 1184; x_wconf 90' lang='lat' dir='ltr'>illi</span> <span class='ocrx_word' id='word_1_67' title='bbox 1121 1123 1156 1186; x_wconf 89' lang='lat' dir='ltr'>de</span> <span class='ocrx_word' id='word_1_68' title='bbox 1176 1125 1236 1196; x_wconf 84' lang='lat' dir='ltr'>ejus</span> 
     </span>
     <span class='ocr_line' id='line_1_10' title="bbox 267 1199 1235 1291; baseline 0.005 -29"><span class='ocrx_word' id='word_1_69' title='bbox 267 1199 404 1291; x_wconf 73' lang='lat' dir='ltr'>presidiis</span> <span class='ocrx_word' id='word_1_70' title='bbox 427 1199 640 1274; x_wconf 74' lang='lat' dir='ltr'><strong>detrahamus,</strong></span> <span class='ocrx_word' id='word_1_71' title='bbox 668 1219 733 1262; x_wconf 93' lang='lat' dir='ltr'>eum</span> <span class='ocrx_word' id='word_1_72' title='bbox 755 1220 807 1263; x_wconf 92' lang='lat' dir='ltr'>nos</span> <span class='ocrx_word' id='word_1_73' title='bbox 828 1219 945 1283; x_wconf 90' lang='lat' dir='ltr'>quoque</span> <span class='ocrx_word' id='word_1_74' title='bbox 966 1202 1122 1279; x_wconf 84' lang='lat' dir='ltr'>ordinem,</span> <span class='ocrx_word' id='word_1_75' title='bbox 1145 1224 1235 1287; x_wconf 90' lang='lat' dir='ltr'>quem</span> 
     </span>
     <span class='ocr_line' id='line_1_11' title="bbox 266 1277 1236 1356; baseline 0.003 -13"><span class='ocrx_word' id='word_1_76' title='bbox 266 1279 370 1343; x_wconf 80' lang='lat' dir='ltr'>mein</span> <span class='ocrx_word' id='word_1_77' title='bbox 392 1278 549 1343; x_wconf 89' lang='lat' dir='ltr'>accusando</span> <span class='ocrx_word' id='word_1_78' title='bbox 571 1279 713 1356; x_wconf 88' lang='lat' dir='ltr'>servavit,</span> <span class='ocrx_word' id='word_1_79' title='bbox 734 1280 765 1341; x_wconf 93' lang='lat' dir='ltr'>in</span> <span class='ocrx_word' id='word_1_80' title='bbox 787 1277 963 1342; x_wconf 84' lang='lat' dir='ltr'>defendendo</span> <span class='ocrx_word' id='word_1_81' title='bbox 985 1280 1107 1344; x_wconf 86' lang='lat' dir='ltr'>fideliter</span> <span class='ocrx_word' id='word_1_82' title='bbox 1123 1284 1236 1346; x_wconf 80' lang='lat' dir='ltr'>conset·</span> 
     </span>
     <span class='ocr_line' id='line_1_12' title="bbox 264 1358 1236 1449; baseline 0.001 -27"><span class='ocrx_word' id='word_1_83' title='bbox 264 1358 426 1423; x_wconf 80' lang='lat' dir='ltr'>rabimus.</span> <span class='ocrx_word' id='word_1_84' title='bbox 457 1358 610 1422; x_wconf 88' lang='lat' dir='ltr'>Continuo</span> <span class='ocrx_word' id='word_1_85' title='bbox 631 1359 723 1449; x_wconf 85' lang='lat' dir='ltr'>igitur</span> <span class='ocrx_word' id='word_1_86' title='bbox 743 1359 824 1422; x_wconf 89' lang='lat' dir='ltr'>suam</span> <span class='ocrx_word' id='word_1_87' title='bbox 848 1359 897 1422; x_wconf 87' lang='lat' dir='ltr'>isle</span> <span class='ocrx_word' id='word_1_88' title='bbox 920 1360 1071 1424; x_wconf 87' lang='lat' dir='ltr'>accusandi</span> <span class='ocrx_word' id='word_1_89' title='bbox 1091 1363 1236 1425; x_wconf 90' lang='lat' dir='ltr'>rationem</span> 
     </span>
     <span class='ocr_line' id='line_1_13' title="bbox 265 1436 1236 1520; baseline 0.003 -19"><span class='ocrx_word' id='word_1_90' title='bbox 265 1437 300 1501; x_wconf 84' lang='lat' dir='ltr'>sic</span> <span class='ocrx_word' id='word_1_91' title='bbox 324 1439 468 1512; x_wconf 89' lang='lat' dir='ltr'>instituit,</span> <span class='ocrx_word' id='word_1_92' title='bbox 491 1454 524 1501; x_wconf 94' lang='lat' dir='ltr'>ut</span> <span class='ocrx_word' id='word_1_93' title='bbox 546 1458 593 1500; x_wconf 90' lang='lat' dir='ltr'>ine</span> <span class='ocrx_word' id='word_1_94' title='bbox 613 1436 663 1503; x_wconf 91' lang='lat' dir='ltr'>sibi</span> <span class='ocrx_word' id='word_1_95' title='bbox 685 1439 819 1505; x_wconf 88' lang='lat' dir='ltr'>Veneriis</span> <span class='ocrx_word' id='word_1_96' title='bbox 843 1440 994 1520; x_wconf 90' lang='lat' dir='ltr'>pecuniam</span> <span class='ocrx_word' id='word_1_97' title='bbox 1015 1440 1118 1503; x_wconf 76' lang='lat' dir='ltr'>dedisse</span> <span class='ocrx_word' id='word_1_98' title='bbox 1138 1443 1236 1516; x_wconf 87' lang='lat' dir='ltr'>dicat,</span> 
     </span>
     <span class='ocr_line' id='line_1_14' title="bbox 266 1517 1237 1602; baseline 0.001 -22"><span class='ocrx_word' id='word_1_99' title='bbox 266 1538 327 1602; x_wconf 82' lang='lat' dir='ltr'>qua</span> <span class='ocrx_word' id='word_1_100' title='bbox 343 1518 393 1580; x_wconf 92' lang='lat' dir='ltr'>ille</span> <span class='ocrx_word' id='word_1_101' title='bbox 410 1517 482 1579; x_wconf 93' lang='lat' dir='ltr'>milii</span> <span class='ocrx_word' id='word_1_102' title='bbox 502 1518 605 1581; x_wconf 91' lang='lat' dir='ltr'>secreto</span> <span class='ocrx_word' id='word_1_103' title='bbox 622 1535 749 1600; x_wconf 91' lang='lat' dir='ltr'>quatuor</span> <span class='ocrx_word' id='word_1_104' title='bbox 766 1517 960 1582; x_wconf 82' lang='lat' dir='ltr'>navicularios</span> <span class='ocrx_word' id='word_1_105' title='bbox 978 1518 1013 1580; x_wconf 92' lang='lat' dir='ltr'>ad</span> <span class='ocrx_word' id='word_1_106' title='bbox 1030 1535 1141 1583; x_wconf 90' lang='lat' dir='ltr'>certum</span> <span class='ocrx_word' id='word_1_107' title='bbox 1158 1520 1237 1583; x_wconf 88' lang='lat' dir='ltr'>diem</span> 
     </span>
     <span class='ocr_line' id='line_1_15' title="bbox 269 1598 1239 1681; baseline 0.003 -22"><span class='ocrx_word' id='word_1_108' title='bbox 269 1598 470 1671; x_wconf 86' lang='lat' dir='ltr'>conduceret,</span> <span class='ocrx_word' id='word_1_109' title='bbox 496 1617 590 1681; x_wconf 86' lang='lat' dir='ltr'>neque</span> <span class='ocrx_word' id='word_1_110' title='bbox 611 1618 657 1660; x_wconf 86' lang='lat' dir='ltr'>me</span> <span class='ocrx_word' id='word_1_111' title='bbox 679 1599 770 1662; x_wconf 88' lang='lat' dir='ltr'>etiam</span> <span class='ocrx_word' id='word_1_112' title='bbox 792 1613 881 1673; x_wconf 93' lang='lat' dir='ltr'>tum,</span> <span class='ocrx_word' id='word_1_113' title='bbox 916 1598 1105 1681; x_wconf 88' lang='lat' dir='ltr'>quamobrem</span> <span class='ocrx_word' id='word_1_114' title='bbox 1128 1598 1158 1662; x_wconf 90' lang='lat' dir='ltr'>id</span> <span class='ocrx_word' id='word_1_115' title='bbox 1179 1601 1239 1662; x_wconf 90' lang='lat' dir='ltr'>vel·</span> 
     </span>
     <span class='ocr_line' id='line_1_16' title="bbox 267 1676 1237 1761; baseline 0.004 -23"><span class='ocrx_word' id='word_1_116' title='bbox 267 1676 328 1738; x_wconf 91' lang='lat' dir='ltr'>lem</span> <span class='ocrx_word' id='word_1_117' title='bbox 346 1720 355 1752; x_wconf 93' lang='lat'>,</span> <span class='ocrx_word' id='word_1_118' title='bbox 376 1677 560 1761; x_wconf 84' lang='lat' dir='ltr'>quicquam,</span> <span class='ocrx_word' id='word_1_119' title='bbox 588 1677 633 1739; x_wconf 90' lang='lat' dir='ltr'>illi</span> <span class='ocrx_word' id='word_1_120' title='bbox 654 1676 755 1741; x_wconf 84' lang='lat' dir='ltr'>dixisse</span> <span class='ocrx_word' id='word_1_121' title='bbox 773 1698 782 1749; x_wconf 84' lang='lat'>3</span> <span class='ocrx_word' id='word_1_122' title='bbox 814 1698 848 1740; x_wconf 90' lang='lat' dir='ltr'>eo</span> <span class='ocrx_word' id='word_1_123' title='bbox 868 1698 938 1742; x_wconf 87' lang='lat' dir='ltr'>vero</span> <span class='ocrx_word' id='word_1_124' title='bbox 961 1699 1007 1740; x_wconf 91' lang='lat' dir='ltr'>me</span> <span class='ocrx_word' id='word_1_125' title='bbox 1030 1679 1059 1741; x_wconf 92' lang='lat' dir='ltr'>id</span> <span class='ocrx_word' id='word_1_126' title='bbox 1082 1678 1130 1742; x_wconf 91' lang='lat' dir='ltr'>sibi</span> <span class='ocrx_word' id='word_1_127' title='bbox 1151 1678 1237 1747; x_wconf 85' lang='lat' dir='ltr'>fidisse</span> 
     </span>
     <span class='ocr_line' id='line_1_17' title="bbox 267 1755 1237 1899; baseline 0.006 -82"><span class='ocrx_word' id='word_1_128' title='bbox 267 1755 381 1831; x_wconf 85' lang='lat' dir='ltr'>subdit,</span> <span class='ocrx_word' id='word_1_129' title='bbox 401 1755 479 1841; x_wconf 92' lang='lat' dir='ltr'>quod</span> <span class='ocrx_word' id='word_1_130' title='bbox 500 1757 554 1819; x_wconf 92' lang='lat' dir='ltr'>illo</span> <span class='ocrx_word' id='word_1_131' title='bbox 573 1756 649 1899; x_wconf 71' lang='lat' dir='ltr'>apud</span> <span class='ocrx_word' id='word_1_132' title='bbox 672 1759 821 1823; x_wconf 84' lang='lat' dir='ltr'>Priamum</span> <span class='ocrx_word' id='word_1_133' title='bbox 843 1757 1032 1839; x_wconf 86' lang='lat' dir='ltr'>Malipetram</span> <span class='ocrx_word' id='word_1_134' title='bbox 1055 1758 1237 1823; x_wconf 85' lang='lat' dir='ltr'>familiariter</span> 
     </span>
     <span class='ocr_line' id='line_1_18' title="bbox 269 1835 1235 1920; baseline 0.006 -23"><span class='ocrx_word' id='word_1_135' title='bbox 269 1835 319 1897; x_wconf 78' lang='lat' dir='ltr'>sm</span> <span class='ocrx_word' id='word_1_136' title='bbox 342 1835 432 1908; x_wconf 81' lang='lat' dir='ltr'>usus3</span> <span class='ocrx_word' id='word_1_137' title='bbox 462 1857 551 1920; x_wconf 88' lang='lat' dir='ltr'>quam</span> <span class='ocrx_word' id='word_1_138' title='bbox 592 1836 810 1903; x_wconf 87' lang='lat' dir='ltr'>amiliaritatem</span> <span class='ocrx_word' id='word_1_139' title='bbox 829 1854 861 1899; x_wconf 88' lang='lat' dir='ltr'>ut</span> <span class='ocrx_word' id='word_1_140' title='bbox 881 1859 947 1901; x_wconf 91' lang='lat' dir='ltr'>coni</span> <span class='ocrx_word' id='word_1_141' title='bbox 971 1839 1109 1914; x_wconf 87' lang='lat' dir='ltr'>robaret,</span> <span class='ocrx_word' id='word_1_142' title='bbox 1139 1839 1235 1903; x_wconf 92' lang='lat' dir='ltr'>nescio</span> 
     </span>
     <span class='ocr_line' id='line_1_19' title="bbox 269 1859 1236 2058; baseline 0.004 -81"><span class='ocrx_word' id='word_1_143' title='bbox 269 1915 339 2058; x_wconf 52' lang='lat' dir='ltr'>puid</span> <span class='ocrx_word' id='word_1_144' title='bbox 360 1917 394 1979; x_wconf 96' lang='lat' dir='ltr'>de</span> <span class='ocrx_word' id='word_1_145' title='bbox 415 1915 590 1981; x_wconf 85' lang='lat' dir='ltr'>salsamentis</span> <span class='ocrx_word' id='word_1_146' title='bbox 614 1915 810 1991; x_wconf 81' lang='lat' dir='ltr'>insulsissime,</span> <span class='ocrx_word' id='word_1_147' title='bbox 832 1917 866 1978; x_wconf 90' lang='lat' dir='ltr'>de</span> <span class='ocrx_word' id='word_1_148' title='bbox 885 1859 969 2000; x_wconf 56' lang='lat' dir='ltr'>capsi</span> <span class='ocrx_word' id='word_1_149' title='bbox 989 1939 1056 1981; x_wconf 90' lang='lat' dir='ltr'>vero</span> <span class='ocrx_word' id='word_1_150' title='bbox 1075 1919 1167 1982; x_wconf 75' lang='lat' dir='ltr'>serica</span> <span class='ocrx_word' id='word_1_151' title='bbox 1185 1940 1236 1983; x_wconf 85' lang='lat' dir='ltr'>ve·</span> 
     </span>
    </p>

    <p class='ocr_par' dir='ltr' id='par_1_4' title="bbox 268 1995 1239 3504">
     <span class='ocr_line' id='line_1_20' title="bbox 296 1995 1239 2079; baseline 0.006 -23"><span class='ocrx_word' id='word_1_152' title='bbox 296 1995 320 2057; x_wconf 94' lang='lat' dir='ltr'>is</span> <span class='ocrx_word' id='word_1_153' title='bbox 349 1999 433 2077; x_wconf 90' lang='lat' dir='ltr'>plena</span> <span class='ocrx_word' id='word_1_154' title='bbox 455 1999 549 2077; x_wconf 87' lang='lat' dir='ltr'>magis</span> <span class='ocrx_word' id='word_1_155' title='bbox 579 2012 680 2078; x_wconf 87' lang='lat' dir='ltr'>argute</span> <span class='ocrx_word' id='word_1_156' title='bbox 699 2041 707 2072; x_wconf 89' lang='lat'>‚</span> <span class='ocrx_word' id='word_1_157' title='bbox 726 2013 911 2061; x_wconf 87' lang='lat' dir='ltr'>commentus</span> <span class='ocrx_word' id='word_1_158' title='bbox 931 1997 994 2061; x_wconf 88' lang='lat' dir='ltr'>est.</span> <span class='ocrx_word' id='word_1_159' title='bbox 1024 1999 1132 2061; x_wconf 91' lang='lat' dir='ltr'>Utrum</span> <span class='ocrx_word' id='word_1_160' title='bbox 1161 2018 1239 2079; x_wconf 90' lang='lat' dir='ltr'>ego,</span> 
     </span>
     <span class='ocr_line' id='line_1_21' title="bbox 271 2073 1236 2159; baseline 0.004 -23"><span class='ocrx_word' id='word_1_161' title='bbox 271 2073 432 2157; x_wconf 88' lang='lat' dir='ltr'>Princeps,</span> <span class='ocrx_word' id='word_1_162' title='bbox 453 2077 532 2138; x_wconf 89' lang='lat' dir='ltr'>istius</span> <span class='ocrx_word' id='word_1_163' title='bbox 554 2076 704 2138; x_wconf 89' lang='lat' dir='ltr'>audaciam</span> <span class='ocrx_word' id='word_1_164' title='bbox 726 2119 735 2151; x_wconf 97' lang='lat'>,</span> <span class='ocrx_word' id='word_1_165' title='bbox 755 2097 792 2138; x_wconf 90' lang='lat' dir='ltr'>an</span> <span class='ocrx_word' id='word_1_166' title='bbox 815 2076 1044 2156; x_wconf 85' lang='lat' dir='ltr'>imprudentiam</span> <span class='ocrx_word' id='word_1_167' title='bbox 1067 2078 1159 2159; x_wconf 88' lang='lat' dir='ltr'>magis</span> <span class='ocrx_word' id='word_1_168' title='bbox 1181 2081 1236 2140; x_wconf 92' lang='lat' dir='ltr'>mi·</span> 
     </span>
     <span class='ocr_line' id='line_1_22' title="bbox 272 2154 1238 2231; baseline 0 -15"><span class='ocrx_word' id='word_1_169' title='bbox 272 2174 333 2231; x_wconf 88' lang='lat' dir='ltr'>rer,</span> <span class='ocrx_word' id='word_1_170' title='bbox 356 2176 414 2218; x_wconf 93' lang='lat' dir='ltr'>non</span> <span class='ocrx_word' id='word_1_171' title='bbox 435 2155 503 2219; x_wconf 82' lang='lat' dir='ltr'>satis</span> <span class='ocrx_word' id='word_1_172' title='bbox 520 2155 621 2217; x_wconf 87' lang='lat' dir='ltr'>video.</span> <span class='ocrx_word' id='word_1_173' title='bbox 643 2154 699 2216; x_wconf 89' lang='lat' dir='ltr'>Utr</span> <span class='ocrx_word' id='word_1_174' title='bbox 738 2175 773 2216; x_wconf 92' lang='lat' dir='ltr'>ue</span> <span class='ocrx_word' id='word_1_175' title='bbox 791 2156 870 2220; x_wconf 87' lang='lat' dir='ltr'>enim</span> <span class='ocrx_word' id='word_1_176' title='bbox 888 2171 970 2220; x_wconf 90' lang='lat' dir='ltr'>tanta</span> <span class='ocrx_word' id='word_1_177' title='bbox 986 2156 1024 2217; x_wconf 86' lang='lat' dir='ltr'>est</span> <span class='ocrx_word' id='word_1_178' title='bbox 1042 2158 1072 2218; x_wconf 94' lang='lat' dir='ltr'>in</span> <span class='ocrx_word' id='word_1_179' title='bbox 1090 2157 1143 2217; x_wconf 87' lang='lat' dir='ltr'>liac</span> <span class='ocrx_word' id='word_1_180' title='bbox 1160 2157 1238 2218; x_wconf 74' lang='lat' dir='ltr'>caus·</span> 
     </span>
     <span class='ocr_line' id='line_1_23' title="bbox 271 2232 1237 2313; baseline -0.001 -18"><span class='ocrx_word' id='word_1_181' title='bbox 271 2233 316 2308; x_wconf 84' lang='lat' dir='ltr'>sii,</span> <span class='ocrx_word' id='word_1_182' title='bbox 338 2252 370 2297; x_wconf 90' lang='lat' dir='ltr'>ut</span> <span class='ocrx_word' id='word_1_183' title='bbox 392 2235 473 2296; x_wconf 91' lang='lat' dir='ltr'>nulla</span> <span class='ocrx_word' id='word_1_184' title='bbox 494 2233 587 2302; x_wconf 85' lang='lat' dir='ltr'>major</span> <span class='ocrx_word' id='word_1_185' title='bbox 607 2232 661 2297; x_wconf 85' lang='lat' dir='ltr'>esse</span> <span class='ocrx_word' id='word_1_186' title='bbox 682 2252 720 2313; x_wconf 94' lang='lat' dir='ltr'>po</span> <span class='ocrx_word' id='word_1_187' title='bbox 743 2251 787 2303; x_wconf 82' lang='lat' dir='ltr'>it3</span> <span class='ocrx_word' id='word_1_188' title='bbox 809 2234 860 2312; x_wconf 90' lang='lat' dir='ltr'>qui</span> <span class='ocrx_word' id='word_1_189' title='bbox 883 2248 911 2294; x_wconf 90' lang='lat' dir='ltr'>te</span> <span class='ocrx_word' id='word_1_190' title='bbox 932 2249 1048 2295; x_wconf 91' lang='lat' dir='ltr'>tantum</span> <span class='ocrx_word' id='word_1_191' title='bbox 1073 2235 1237 2313; x_wconf 87' lang='lat' dir='ltr'>Principem</span> 
     </span>
     <span class='ocr_line' id='line_1_24' title="bbox 271 2310 1237 2394; baseline 0 -19"><span class='ocrx_word' id='word_1_192' title='bbox 271 2328 332 2380; x_wconf 85' lang='lat' dir='ltr'>tam</span> <span class='ocrx_word' id='word_1_193' title='bbox 354 2315 451 2394; x_wconf 87' lang='lat' dir='ltr'>palam</span> <span class='ocrx_word' id='word_1_194' title='bbox 474 2312 589 2375; x_wconf 89' lang='lat' dir='ltr'>irridere</span> <span class='ocrx_word' id='word_1_195' title='bbox 611 2312 645 2373; x_wconf 92' lang='lat' dir='ltr'>sit</span> <span class='ocrx_word' id='word_1_196' title='bbox 666 2310 749 2372; x_wconf 90' lang='lat' dir='ltr'>ausus</span> <span class='ocrx_word' id='word_1_197' title='bbox 771 2332 779 2382; x_wconf 89' lang='lat'>;</span> <span class='ocrx_word' id='word_1_198' title='bbox 802 2311 883 2372; x_wconf 88' lang='lat' dir='ltr'>suam</span> <span class='ocrx_word' id='word_1_199' title='bbox 905 2327 1003 2372; x_wconf 91' lang='lat' dir='ltr'>autem</span> <span class='ocrx_word' id='word_1_200' title='bbox 1027 2311 1237 2375; x_wconf 89' lang='lat' dir='ltr'>accusationem</span> 
     </span>
     <span class='ocr_line' id='line_1_25' title="bbox 270 2389 1236 2474; baseline -0.001 -20"><span class='ocrx_word' id='word_1_201' title='bbox 270 2407 331 2455; x_wconf 83' lang='lat' dir='ltr'>tam</span> <span class='ocrx_word' id='word_1_202' title='bbox 352 2392 516 2472; x_wconf 88' lang='lat' dir='ltr'>pueriliter,</span> <span class='ocrx_word' id='word_1_203' title='bbox 539 2407 601 2453; x_wconf 89' lang='lat' dir='ltr'>tam</span> <span class='ocrx_word' id='word_1_204' title='bbox 622 2391 721 2471; x_wconf 92' lang='lat' dir='ltr'>inepte</span> <span class='ocrx_word' id='word_1_205' title='bbox 740 2389 914 2465; x_wconf 86' lang='lat' dir='ltr'>instituerit,</span> <span class='ocrx_word' id='word_1_206' title='bbox 936 2406 1023 2474; x_wconf 83' lang='lat' dir='ltr'>atque</span> <span class='ocrx_word' id='word_1_207' title='bbox 1039 2390 1236 2461; x_wconf 73' lang='lat' dir='ltr'>confirmatur</span> 
     </span>
     <span class='ocr_line' id='line_1_26' title="bbox 268 2469 1239 2552; baseline 0 -18"><span class='ocrx_word' id='word_1_208' title='bbox 268 2470 432 2552; x_wconf 91' lang='lat' dir='ltr'>dequibus</span> <span class='ocrx_word' id='word_1_209' title='bbox 465 2469 590 2552; x_wconf 92' lang='lat' dir='ltr'>utrisque</span> <span class='ocrx_word' id='word_1_210' title='bbox 620 2471 652 2532; x_wconf 90' lang='lat' dir='ltr'>in</span> <span class='ocrx_word' id='word_1_211' title='bbox 682 2484 745 2532; x_wconf 91' lang='lat' dir='ltr'>tota</span> <span class='ocrx_word' id='word_1_212' title='bbox 765 2472 859 2532; x_wconf 89' lang='lat' dir='ltr'>caussa</span> <span class='ocrx_word' id='word_1_213' title='bbox 885 2470 1037 2539; x_wconf 78' lang='lat' dir='ltr'>conjunsle</span> <span class='ocrx_word' id='word_1_214' title='bbox 1059 2471 1239 2546; x_wconf 87' lang='lat' dir='ltr'>videbimus,</span> 
     </span>
     <span class='ocr_line' id='line_1_27' title="bbox 271 2548 1238 2633; baseline 0.001 -20"><span class='ocrx_word' id='word_1_215' title='bbox 271 2571 352 2613; x_wconf 89' lang='lat' dir='ltr'>nunc</span> <span class='ocrx_word' id='word_1_216' title='bbox 381 2567 479 2612; x_wconf 90' lang='lat' dir='ltr'>autem</span> <span class='ocrx_word' id='word_1_217' title='bbox 508 2548 659 2632; x_wconf 89' lang='lat' dir='ltr'>separatim</span> <span class='ocrx_word' id='word_1_218' title='bbox 689 2549 724 2612; x_wconf 89' lang='lat' dir='ltr'>de</span> <span class='ocrx_word' id='word_1_219' title='bbox 745 2549 942 2629; x_wconf 88' lang='lat' dir='ltr'>imprudentia</span> <span class='ocrx_word' id='word_1_220' title='bbox 966 2566 1080 2612; x_wconf 88' lang='lat' dir='ltr'>tantuin</span> <span class='ocrx_word' id='word_1_221' title='bbox 1102 2571 1238 2633; x_wconf 84' lang='lat' dir='ltr'>agemus.</span> 
     </span>
     <span class='ocr_line' id='line_1_28' title="bbox 272 2629 1236 2722; baseline 0.005 -28"><span class='ocrx_word' id='word_1_222' title='bbox 272 2630 368 2694; x_wconf 86' lang='lat' dir='ltr'>Unius</span> <span class='ocrx_word' id='word_1_223' title='bbox 391 2630 544 2706; x_wconf 82' lang='lat' dir='ltr'>amicitiai,</span> <span class='ocrx_word' id='word_1_224' title='bbox 568 2631 721 2712; x_wconf 86' lang='lat' dir='ltr'>Princeps,</span> <span class='ocrx_word' id='word_1_225' title='bbox 742 2629 888 2694; x_wconf 77' lang='lat' dir='ltr'>altissmis</span> <span class='ocrx_word' id='word_1_226' title='bbox 901 2629 1045 2692; x_wconf 82' lang='lat' dir='ltr'>radicibus</span> <span class='ocrx_word' id='word_1_227' title='bbox 1066 2629 1236 2722; x_wconf 83' lang='lat' dir='ltr'>[quantum</span> 
     </span>
     <span class='ocr_line' id='line_1_29' title="bbox 269 2709 1238 2794; baseline -0.001 -21"><span class='ocrx_word' id='word_1_228' title='bbox 269 2730 325 2790; x_wconf 84' lang='lat' dir='ltr'>ego</span> <span class='ocrx_word' id='word_1_229' title='bbox 346 2709 510 2794; x_wconf 86' lang='lat' dir='ltr'>intelligo]</span> <span class='ocrx_word' id='word_1_230' title='bbox 541 2710 631 2773; x_wconf 92' lang='lat' dir='ltr'>totius</span> <span class='ocrx_word' id='word_1_231' title='bbox 661 2709 813 2777; x_wconf 84' lang='lat' dir='ltr'>adversarii</span> <span class='ocrx_word' id='word_1_232' title='bbox 837 2709 893 2772; x_wconf 90' lang='lat' dir='ltr'>mei</span> <span class='ocrx_word' id='word_1_233' title='bbox 914 2709 1058 2774; x_wconf 87' lang='lat' dir='ltr'>accusatio</span> <span class='ocrx_word' id='word_1_234' title='bbox 1078 2713 1134 2774; x_wconf 91' lang='lat' dir='ltr'>niti</span> <span class='ocrx_word' id='word_1_235' title='bbox 1157 2711 1238 2773; x_wconf 92' lang='lat' dir='ltr'>vide·</span> 
     </span>
     <span class='ocr_line' id='line_1_30' title="bbox 272 2790 1238 2872; baseline 0.002 -21"><span class='ocrx_word' id='word_1_236' title='bbox 272 2805 344 2864; x_wconf 89' lang='lat' dir='ltr'>rur,</span> <span class='ocrx_word' id='word_1_237' title='bbox 365 2810 436 2871; x_wconf 90' lang='lat' dir='ltr'>quas</span> <span class='ocrx_word' id='word_1_238' title='bbox 457 2810 524 2854; x_wconf 90' lang='lat' dir='ltr'>cum</span> <span class='ocrx_word' id='word_1_239' title='bbox 545 2810 599 2872; x_wconf 86' lang='lat' dir='ltr'>ego</span> <span class='ocrx_word' id='word_1_240' title='bbox 640 2790 731 2853; x_wconf 87' lang='lat' dir='ltr'>rorsus</span> <span class='ocrx_word' id='word_1_241' title='bbox 752 2790 903 2865; x_wconf 75' lang='lat' dir='ltr'>stellein,</span> <span class='ocrx_word' id='word_1_242' title='bbox 924 2790 978 2854; x_wconf 90' lang='lat' dir='ltr'>hoc</span> <span class='ocrx_word' id='word_1_243' title='bbox 999 2792 1063 2867; x_wconf 90' lang='lat' dir='ltr'>est,</span> <span class='ocrx_word' id='word_1_244' title='bbox 1084 2812 1150 2858; x_wconf 90' lang='lat' dir='ltr'>cuni</span> <span class='ocrx_word' id='word_1_245' title='bbox 1172 2793 1238 2854; x_wconf 93' lang='lat' dir='ltr'>nul·</span> 
     </span>
     <span class='ocr_line' id='line_1_31' title="bbox 272 2867 1237 2952; baseline 0.006 -22"><span class='ocrx_word' id='word_1_246' title='bbox 272 2868 332 2931; x_wconf 84' lang='lat' dir='ltr'>lam</span> <span class='ocrx_word' id='word_1_247' title='bbox 363 2870 436 2930; x_wconf 91' lang='lat' dir='ltr'>milii</span> <span class='ocrx_word' id='word_1_248' title='bbox 457 2889 523 2931; x_wconf 92' lang='lat' dir='ltr'>cuni</span> <span class='ocrx_word' id='word_1_249' title='bbox 545 2891 579 2932; x_wconf 95' lang='lat' dir='ltr'>eo</span> <span class='ocrx_word' id='word_1_250' title='bbox 621 2870 839 2933; x_wconf 90' lang='lat' dir='ltr'>amiliaritatem</span> <span class='ocrx_word' id='word_1_251' title='bbox 862 2867 939 2933; x_wconf 86' lang='lat' dir='ltr'>fuisse</span> <span class='ocrx_word' id='word_1_252' title='bbox 959 2871 1106 2952; x_wconf 84' lang='lat' dir='ltr'>probaro,</span> <span class='ocrx_word' id='word_1_253' title='bbox 1135 2872 1237 2936; x_wconf 83' lang='lat' dir='ltr'>eodeni</span> 
     </span>
     <span class='ocr_line' id='line_1_32' title="bbox 272 2947 1238 3029; baseline 0 -18"><span class='ocrx_word' id='word_1_254' title='bbox 272 2964 405 3029; x_wconf 86' lang='lat' dir='ltr'>tempore</span> <span class='ocrx_word' id='word_1_255' title='bbox 426 2949 527 3010; x_wconf 89' lang='lat' dir='ltr'>omnis</span> <span class='ocrx_word' id='word_1_256' title='bbox 542 2949 594 3010; x_wconf 86' lang='lat' dir='ltr'>isla</span> <span class='ocrx_word' id='word_1_257' title='bbox 613 2947 683 3013; x_wconf 79' lang='lat' dir='ltr'>salsa</span> <span class='ocrx_word' id='word_1_258' title='bbox 703 2947 845 3012; x_wconf 88' lang='lat' dir='ltr'>accusatio</span> <span class='ocrx_word' id='word_1_259' title='bbox 867 2965 900 3011; x_wconf 91' lang='lat' dir='ltr'>ut</span> <span class='ocrx_word' id='word_1_260' title='bbox 920 2968 1035 3016; x_wconf 87' lang='lat' dir='ltr'>corruat</span> <span class='ocrx_word' id='word_1_261' title='bbox 1052 2993 1062 3024; x_wconf 88' lang='lat'>,</span> <span class='ocrx_word' id='word_1_262' title='bbox 1082 2951 1186 3013; x_wconf 92' lang='lat' dir='ltr'>necesse</span> <span class='ocrx_word' id='word_1_263' title='bbox 1209 2971 1238 3011; x_wconf 80' lang='lat' dir='ltr'>e·</span> 
     </span>
     <span class='ocr_line' id='line_1_33' title="bbox 273 3026 1239 3167; baseline -0.001 -77"><span class='ocrx_word' id='word_1_264' title='bbox 273 3028 329 3090; x_wconf 89' lang='lat' dir='ltr'>rit.</span> <span class='ocrx_word' id='word_1_265' title='bbox 352 3026 460 3088; x_wconf 88' lang='lat' dir='ltr'>Fateor</span> <span class='ocrx_word' id='word_1_266' title='bbox 475 3027 626 3107; x_wconf 88' lang='lat' dir='ltr'>equidem,</span> <span class='ocrx_word' id='word_1_267' title='bbox 647 3028 796 3118; x_wconf 90' lang='lat' dir='ltr'>Princeps,</span> <span class='ocrx_word' id='word_1_268' title='bbox 807 3048 915 3105; x_wconf 85' lang='lat' dir='ltr'>me,eit</span> <span class='ocrx_word' id='word_1_269' title='bbox 931 3049 991 3167; x_wconf 61' lang='lat' dir='ltr'>spuo</span> <span class='ocrx_word' id='word_1_270' title='bbox 1007 3029 1140 3091; x_wconf 87' lang='lat' dir='ltr'>Veneriis</span> <span class='ocrx_word' id='word_1_271' title='bbox 1157 3029 1239 3101; x_wconf 90' lang='lat' dir='ltr'>sum,</span> 
     </span>
     <span class='ocr_line' id='line_1_34' title="bbox 272 3104 1238 3186; baseline -0.002 -17"><span class='ocrx_word' id='word_1_272' title='bbox 272 3106 381 3170; x_wconf 89' lang='lat' dir='ltr'>Priami</span> <span class='ocrx_word' id='word_1_273' title='bbox 406 3105 568 3186; x_wconf 84' lang='lat' dir='ltr'>Malipertae</span> <span class='ocrx_word' id='word_1_274' title='bbox 590 3105 758 3169; x_wconf 81' lang='lat' dir='ltr'>nobilissimi</span> <span class='ocrx_word' id='word_1_275' title='bbox 788 3107 854 3168; x_wconf 94' lang='lat' dir='ltr'>Viri</span> <span class='ocrx_word' id='word_1_276' title='bbox 875 3104 945 3168; x_wconf 87' lang='lat' dir='ltr'>sami</span> <span class='ocrx_word' id='word_1_277' title='bbox 960 3108 1074 3170; x_wconf 90' lang='lat' dir='ltr'>iaritate</span> <span class='ocrx_word' id='word_1_278' title='bbox 1095 3106 1177 3169; x_wconf 89' lang='lat' dir='ltr'>usum</span> <span class='ocrx_word' id='word_1_279' title='bbox 1199 3107 1238 3169; x_wconf 85' lang='lat' dir='ltr'>es·</span> 
     </span>
     <span class='ocr_line' id='line_1_35' title="bbox 274 3183 1239 3266; baseline 0 -18"><span class='ocrx_word' id='word_1_280' title='bbox 274 3187 318 3262; x_wconf 89' lang='lat' dir='ltr'>se,</span> <span class='ocrx_word' id='word_1_281' title='bbox 340 3203 371 3249; x_wconf 91' lang='lat' dir='ltr'>at</span> <span class='ocrx_word' id='word_1_282' title='bbox 394 3207 428 3249; x_wconf 90' lang='lat' dir='ltr'>ue</span> <span class='ocrx_word' id='word_1_283' title='bbox 448 3186 484 3248; x_wconf 89' lang='lat' dir='ltr'>ad</span> <span class='ocrx_word' id='word_1_284' title='bbox 506 3205 573 3248; x_wconf 89' lang='lat' dir='ltr'>eum</span> <span class='ocrx_word' id='word_1_285' title='bbox 597 3183 717 3247; x_wconf 92' lang='lat' dir='ltr'>domum</span> <span class='ocrx_word' id='word_1_286' title='bbox 734 3186 918 3266; x_wconf 90' lang='lat' dir='ltr'>negotiorum</span> <span class='ocrx_word' id='word_1_287' title='bbox 935 3205 1064 3251; x_wconf 88' lang='lat' dir='ltr'>meorum</span> <span class='ocrx_word' id='word_1_288' title='bbox 1086 3187 1177 3251; x_wconf 85' lang='lat' dir='ltr'>caussa</span> <span class='ocrx_word' id='word_1_289' title='bbox 1192 3187 1239 3248; x_wconf 77' lang='lat' dir='ltr'>sai·</span> 
     </span>
     <span class='ocr_line' id='line_1_36' title="bbox 273 3208 1239 3404; baseline 0.003 -76"><span class='ocrx_word' id='word_1_290' title='bbox 273 3267 338 3348; x_wconf 90' lang='lat' dir='ltr'>pius</span> <span class='ocrx_word' id='word_1_291' title='bbox 359 3208 480 3340; x_wconf 68' lang='lat' dir='ltr'>abiisse,</span> <span class='ocrx_word' id='word_1_292' title='bbox 503 3263 551 3327; x_wconf 91' lang='lat' dir='ltr'>ubi</span> <span class='ocrx_word' id='word_1_293' title='bbox 574 3263 658 3326; x_wconf 84' lang='lat' dir='ltr'>istum</span> <span class='ocrx_word' id='word_1_294' title='bbox 679 3283 795 3404; x_wconf 71' lang='lat' dir='ltr'>quopue</span> <span class='ocrx_word' id='word_1_295' title='bbox 816 3261 877 3345; x_wconf 93' lang='lat' dir='ltr'>[ut</span> <span class='ocrx_word' id='word_1_296' title='bbox 899 3283 987 3340; x_wconf 89' lang='lat' dir='ltr'>vere,</span> <span class='ocrx_word' id='word_1_297' title='bbox 1009 3279 1097 3355; x_wconf 77' lang='lat' dir='ltr'>atque</span> <span class='ocrx_word' id='word_1_298' title='bbox 1117 3286 1151 3328; x_wconf 88' lang='lat' dir='ltr'>eir</span> <span class='ocrx_word' id='word_1_299' title='bbox 1175 3287 1239 3332; x_wconf 88' lang='lat' dir='ltr'>mea</span> 
     </span>
     <span class='ocr_line' id='line_1_37' title="bbox 274 3342 1237 3428; baseline 0.005 -19"><span class='ocrx_word' id='word_1_300' title='bbox 274 3362 379 3409; x_wconf 86' lang='lat' dir='ltr'>natura</span> <span class='ocrx_word' id='word_1_301' title='bbox 400 3343 515 3428; x_wconf 85' lang='lat' dir='ltr'>agam]</span> <span class='ocrx_word' id='word_1_302' title='bbox 538 3343 684 3408; x_wconf 86' lang='lat' dir='ltr'>interdurn</span> <span class='ocrx_word' id='word_1_303' title='bbox 706 3344 737 3407; x_wconf 84' lang='lat' dir='ltr'>vi</span> <span class='ocrx_word' id='word_1_304' title='bbox 759 3342 807 3404; x_wconf 92' lang='lat' dir='ltr'>isse</span> <span class='ocrx_word' id='word_1_305' title='bbox 828 3363 875 3405; x_wconf 89' lang='lat' dir='ltr'>me</span> <span class='ocrx_word' id='word_1_306' title='bbox 904 3363 964 3412; x_wconf 90' lang='lat' dir='ltr'>nou</span> <span class='ocrx_word' id='word_1_307' title='bbox 985 3342 1114 3408; x_wconf 84' lang='lat' dir='ltr'>inficior:</span> <span class='ocrx_word' id='word_1_308' title='bbox 1145 3348 1237 3415; x_wconf 93' lang='lat' dir='ltr'>ullum</span> 
     </span>
     <span class='ocr_line' id='line_1_38' title="bbox 274 3421 1237 3504; baseline 0.007 -17"><span class='ocrx_word' id='word_1_309' title='bbox 274 3445 344 3489; x_wconf 86' lang='lat' dir='ltr'>vcro</span> <span class='ocrx_word' id='word_1_310' title='bbox 366 3425 465 3501; x_wconf 90' lang='lat' dir='ltr'>usuin,</span> <span class='ocrx_word' id='word_1_311' title='bbox 486 3442 574 3504; x_wconf 87' lang='lat' dir='ltr'>atque</span> <span class='ocrx_word' id='word_1_312' title='bbox 595 3423 666 3488; x_wconf 87' lang='lat' dir='ltr'>adeo</span> <span class='ocrx_word' id='word_1_313' title='bbox 689 3421 808 3486; x_wconf 90' lang='lat' dir='ltr'>verbum</span> <span class='ocrx_word' id='word_1_314' title='bbox 830 3443 897 3486; x_wconf 93' lang='lat' dir='ltr'>cum</span> <span class='ocrx_word' id='word_1_315' title='bbox 920 3443 955 3486; x_wconf 94' lang='lat' dir='ltr'>eo</span> <span class='ocrx_word' id='word_1_316' title='bbox 977 3423 1050 3486; x_wconf 92' lang='lat' dir='ltr'>mibi</span> <span class='ocrx_word' id='word_1_317' title='bbox 1068 3423 1237 3494; x_wconf 80' lang='lat' dir='ltr'>familiarius</span> 
     </span>
    </p>
   </div>
   <div class='ocr_carea' id='block_1_2' title="bbox 271 3503 1239 3966">
    <p class='ocr_par' dir='ltr' id='par_1_5' title="bbox 271 3503 1239 3966">
     <span class='ocr_line' id='line_1_39' title="bbox 275 3503 1236 3600; baseline 0.006 -34"><span class='ocrx_word' id='word_1_318' title='bbox 275 3504 475 3579; x_wconf 84' lang='lat' dir='ltr'>intercessisse,</span> <span class='ocrx_word' id='word_1_319' title='bbox 506 3525 596 3586; x_wconf 89' lang='lat' dir='ltr'>quam</span> <span class='ocrx_word' id='word_1_320' title='bbox 617 3503 695 3585; x_wconf 93' lang='lat' dir='ltr'>quod</span> <span class='ocrx_word' id='word_1_321' title='bbox 717 3522 784 3566; x_wconf 93' lang='lat' dir='ltr'>cum</span> <span class='ocrx_word' id='word_1_322' title='bbox 805 3523 839 3566; x_wconf 93' lang='lat' dir='ltr'>eo</span> <span class='ocrx_word' id='word_1_323' title='bbox 860 3503 1013 3566; x_wconf 90' lang='lat' dir='ltr'>bominum</span> <span class='ocrx_word' id='word_1_324' title='bbox 1036 3526 1162 3588; x_wconf 82' lang='lat' dir='ltr'>genere,</span> <span class='ocrx_word' id='word_1_325' title='bbox 1184 3513 1236 3600; x_wconf 90' lang='lat' dir='ltr'>qui</span> 
     </span>
     <span class='ocr_line' id='line_1_40' title="bbox 274 3583 1239 3665; baseline 0.003 -18"><span class='ocrx_word' id='word_1_326' title='bbox 274 3602 324 3647; x_wconf 90' lang='lat' dir='ltr'>aut</span> <span class='ocrx_word' id='word_1_327' title='bbox 345 3585 448 3647; x_wconf 90' lang='lat' dir='ltr'>oslium</span> <span class='ocrx_word' id='word_1_328' title='bbox 470 3583 643 3665; x_wconf 83' lang='lat' dir='ltr'>ingredienti</span> <span class='ocrx_word' id='word_1_329' title='bbox 665 3584 814 3663; x_wconf 88' lang='lat' dir='ltr'>aperiant,</span> <span class='ocrx_word' id='word_1_330' title='bbox 837 3600 889 3645; x_wconf 89' lang='lat' dir='ltr'>aut</span> <span class='ocrx_word' id='word_1_331' title='bbox 906 3584 1028 3649; x_wconf 78' lang='lat' dir='ltr'>aulicum</span> <span class='ocrx_word' id='word_1_332' title='bbox 1052 3587 1178 3664; x_wconf 88' lang='lat' dir='ltr'>tollant,</span> <span class='ocrx_word' id='word_1_333' title='bbox 1195 3609 1239 3653; x_wconf 88' lang='lat' dir='ltr'>in·</span> 
     </span>
     <span class='ocr_line' id='line_1_41' title="bbox 277 3659 1238 3757; baseline 0.004 -31"><span class='ocrx_word' id='word_1_334' title='bbox 277 3665 420 3727; x_wconf 84' lang='lat' dir='ltr'>tercedere</span> <span class='ocrx_word' id='word_1_335' title='bbox 444 3659 530 3734; x_wconf 84' lang='lat' dir='ltr'>solet,</span> <span class='ocrx_word' id='word_1_336' title='bbox 552 3662 663 3744; x_wconf 88' lang='lat' dir='ltr'>prorsus</span> <span class='ocrx_word' id='word_1_337' title='bbox 682 3683 823 3743; x_wconf 84' lang='lat' dir='ltr'>pernego.</span> <span class='ocrx_word' id='word_1_338' title='bbox 846 3662 880 3724; x_wconf 90' lang='lat' dir='ltr'>Id</span> <span class='ocrx_word' id='word_1_339' title='bbox 897 3663 974 3746; x_wconf 94' lang='lat' dir='ltr'>quod</span> <span class='ocrx_word' id='word_1_340' title='bbox 991 3664 1038 3729; x_wconf 89' lang='lat' dir='ltr'>vel</span> <span class='ocrx_word' id='word_1_341' title='bbox 1056 3666 1134 3729; x_wconf 87' lang='lat' dir='ltr'>illius</span> <span class='ocrx_word' id='word_1_342' title='bbox 1152 3667 1238 3757; x_wconf 89' lang='lat' dir='ltr'>ipsius</span> 
     </span>
     <span class='ocr_line' id='line_1_42' title="bbox 275 3742 1237 3825; baseline 0.001 -21"><span class='ocrx_word' id='word_1_343' title='bbox 275 3743 461 3824; x_wconf 82' lang='lat' dir='ltr'>argutissimis</span> <span class='ocrx_word' id='word_1_344' title='bbox 485 3742 609 3822; x_wconf 85' lang='lat' dir='ltr'>probabo</span> <span class='ocrx_word' id='word_1_345' title='bbox 631 3743 831 3823; x_wconf 80' lang='lat' dir='ltr'>argumentis3</span> <span class='ocrx_word' id='word_1_346' title='bbox 853 3763 885 3805; x_wconf 85' lang='lat' dir='ltr'>nc</span> <span class='ocrx_word' id='word_1_347' title='bbox 905 3744 1063 3820; x_wconf 89' lang='lat' dir='ltr'>continuo,</span> <span class='ocrx_word' id='word_1_348' title='bbox 1085 3745 1137 3807; x_wconf 92' lang='lat' dir='ltr'>illo</span> <span class='ocrx_word' id='word_1_349' title='bbox 1158 3746 1237 3825; x_wconf 90' lang='lat' dir='ltr'>ipso,</span> 
     </span>
     <span class='ocr_line' id='line_1_43' title="bbox 271 3821 1237 3966; baseline 0.003 -80"><span class='ocrx_word' id='word_1_350' title='bbox 271 3841 332 3907; x_wconf 83' lang='lat' dir='ltr'>quo</span> <span class='ocrx_word' id='word_1_351' title='bbox 354 3823 403 3893; x_wconf 79' lang='lat' dir='ltr'>iste</span> <span class='ocrx_word' id='word_1_352' title='bbox 425 3838 579 3905; x_wconf 85' lang='lat' dir='ltr'>tamquam</span> <span class='ocrx_word' id='word_1_353' title='bbox 598 3841 661 3891; x_wconf 84' lang='lat' dir='ltr'>arce</span> <span class='ocrx_word' id='word_1_354' title='bbox 681 3822 773 3894; x_wconf 89' lang='lat' dir='ltr'>totius</span> <span class='ocrx_word' id='word_1_355' title='bbox 794 3822 913 3906; x_wconf 78' lang='lat' dir='ltr'>praesidii</span> <span class='ocrx_word' id='word_1_356' title='bbox 923 3821 965 3895; x_wconf 86' lang='lat' dir='ltr'>sui</span> <span class='ocrx_word' id='word_1_357' title='bbox 986 3824 1140 3966; x_wconf 75' lang='lat' dir='ltr'>utebatip,</span> <span class='ocrx_word' id='word_1_358' title='bbox 1169 3841 1237 3910; x_wconf 66' lang='lat' dir='ltr'>cum</span> 
     </span>
     <span class='ocr_line' id='line_1_44' title="bbox 1109 3918 1201 3963; baseline -0.033 0"><span class='ocrx_word' id='word_1_359' title='bbox 1109 3918 1201 3963; x_wconf 89' lang='lat' dir='ltr'>ummi</span> 
     </span>
    </p>
   </div>
   <div class='ocr_carea' id='block_1_3' title="bbox 0 0 1511 4559">
    <p class='ocr_par' dir='ltr' id='par_1_6' title="bbox 0 0 1511 4559">
     <span class='ocr_line' id='line_1_45' title="bbox 0 0 1511 4559; baseline 0 0"><span class='ocrx_word' id='word_1_360' title='bbox 0 0 1511 4559; x_wconf 95' lang='lat' dir='ltr'> </span> 
     </span>
    </p>
   </div>
  </div>
 </body>
</html>
