3000 4559
315 503 357 560 92
552 478 802 541 BARTHOL
824 470 1003 540 RICCII'

275 561 347 631 dum
364 561 417 634 fit,
433 558 587 640 prudenter
603 557 853 621 animadvertetis.
869 558 928 621 Ubi
943 570 1089 644 tormenta
1104 553 1163 644 five
1177 571 1234 642 mr·

274 641 355 716 jora,
375 640 432 701 srve
452 639 567 700 minora
582 655 648 719 apte
664 638 858 714 collocentur,
874 660 933 701 non
954 635 1143 717 ignorabitis.
1165 637 1233 708 Qni-

249 723 251 728 '
279 721 332 782 bus
362 720 436 781 dosis
465 719 553 781 hostis
576 719 609 779 srt
629 716 799 788 fallendus3
825 718 942 800 quando
962 715 1041 855 sepis·
1067 713 1231 802 recentiores

276 801 332 863 srnt
364 797 587 871 summittendi,
619 818 653 858 ac
679 798 828 878 quousque
849 800 957 867 hostem
994 809 1143 876 ugientem
1166 792 1211 855 rus
1221 827 1231 841 ·

276 878 431 954 ciendum,
454 878 573 958 quando
592 878 717 956 receptui
734 876 897 939 canendum
914 921 924 952 ,
944 876 975 938 δι
990 891 1095 937 catera
1114 872 1231 948 muita,

275 978 362 1098 Huae,
384 979 420 1020 ne
440 958 523 1019 vobis
546 958 619 1018 alter
641 957 780 1019 Phormio
801 957 892 1018 videri
913 953 1035 1036 possim,
1054 954 1172 1017 summa
1191 972 1236 1016 ve·

301 1060 336 1103 ra
367 1039 396 1098 in
420 1059 450 1098 re
477 1037 599 1100 militari
629 1036 779 1111 scientia,
807 1055 896 1118 atque
924 1033 1128 1097 exercitationi
1155 1032 1232 1097 relin-

276 1137 361 1198 quo,
390 1134 479 1198 atque
499 1117 536 1181 ad
558 1136 621 1179 eam
642 1117 807 1182 animorum
827 1116 985 1183 vestrorum
1006 1112 1230 1187 consensionem,

276 1217 340 1276 quae
363 1196 449 1259 tertio
469 1198 499 1259 in
523 1197 588 1259 loco
608 1217 627 1260 a
646 1196 729 1262 nobis
750 1197 838 1258 initio
859 1196 1003 1277 proposita
1022 1193 1120 1282 suerat
1140 1236 1151 1268 ,
1165 1211 1231 1333 ft·

276 1276 484 1351 trasiandam,
512 1293 626 1358 atque,
657 1293 769 1358 quanta
789 1276 850 1346 eius
870 1277 917 1337 vis
938 1275 998 1349 iit,
1030 1272 1164 1353 exphcan
1185 1291 1229 1335 um

274 1355 385 1417 redeo.
414 1355 567 1421 Continuo
586 1357 677 1436 igitur
696 1356 727 1416 id
745 1355 784 1417 ab
801 1355 939 1421 omnibus
959 1354 1097 1419 omnium
1116 1358 1228 1415 arantur

273 1435 417 1499 intritam
438 1435 609 1499 sententiam
633 1436 822 1516 usurpatum,
842 1451 930 1516 atque
949 1431 1170 1514 comprobatum
1178 1430 1228 1505 eii,

273 1535 318 1575 res
339 1535 443 1595 parvas
471 1517 626 1581 concordia
654 1517 780 1577 maxime
808 1516 959 1588 crescere,
986 1512 1133 1575 maximas
1162 1531 1226 1600 vero

274 1594 416 1657 discordia
436 1595 551 1670 dilabi,
580 1614 669 1680 atque
688 1596 724 1659 ad
745 1595 872 1659 nihilum
894 1593 987 1673 redigi
1005 1614 1014 1664 3
1044 1609 1077 1653 ut
1098 1590 1226 1672 quotrdre

273 1694 340 1735 cum
363 1676 395 1739 itt
417 1695 448 1737 re
469 1676 610 1755 privata,
639 1694 702 1739 tum
724 1676 755 1737 in
786 1675 902 1756 publica
922 1671 1148 1743 administranda
1175 1691 1227 1731 cer-

273 1754 380 1822 nitur·
409 1757 507 1829 Quare
530 1755 588 1832 sit,
616 1773 649 1818 ut
670 1755 718 1817 ubi
740 1756 805 1835 quis
827 1755 904 1817 solus
923 1774 984 1817 rem
1007 1768 1117 1833 gerat,
1146 1749 1226 1811 modo

270 1831 298 1905 is⁴
316 1835 376 1904 eius
397 1833 546 1896 scientiam
568 1838 712 1915 optimam
733 1835 863 1910 habeat,
891 1855 957 1897 eant
979 1830 1173 1895 tenuissimam
1193 1828 1226 1891 ad

269 1931 391 1981 ornnem
411 1916 562 1976 cumulum
584 1914 744 1993 adaugeat3
765 1932 867 1979 contra
888 1934 981 1986 vero,
1004 1910 1054 1973 ubi
1072 1911 1169 1990 ¹plures
1183 1907 1227 1970 ad-

270 1992 468 2066 ministrent,
495 2014 620 2074 quorum
652 1994 801 2057 sententiae
828 2016 888 2057 non
924 1991 1130 2065 conveniant,
1165 2006 1225 2058 earn

269 2091 361 2152 quam
380 2074 541 2134 maximam
561 2071 713 2154 difflpent‚
733 2091 822 2155 atque
841 2073 1021 2154 disperdant.
1041 2069 1148 2151 Itaque
1163 2070 1189 2133 R
1204 2067 1226 2129 s·

269 2151 419 2231 publicae,
445 2151 543 2233 quoad
572 2173 670 2214 eorum
701 2154 849 2237 Principes
879 2155 957 2216 inter
987 2151 1013 2212 se
1034 2165 1202 2238 congruunt
1213 2184 1225 2222 ‚-

269 2246 358 2311 atque
386 2230 418 2292 in
438 2251 528 2293 unam
555 2231 730 2295 senteutiam
758 2234 962 2306 conveniunt,
991 2251 1052 2291 non
1076 2229 1170 2292 solum
1194 2248 1221 2289 tn

271 2309 401 2390 Imperio
422 2307 543 2373 feliciter
564 2330 761 2393 permanent,
784 2314 828 2375 sed
851 2313 958 2377 caeteris
978 2311 1068 2372 etiam
1092 2330 1143 2390 per
1178 2325 1221 2399 tuo

268 2390 438 2468 imperant,
469 2391 518 2453 ubi
539 2413 608 2454 vero
630 2395 705 2454 inter
725 2415 774 2454 eos
795 2392 923 2454 dissensio
942 2407 1042 2452 exorta
1062 2389 1129 2464 est,
1180 2407 1223 2449 err

266 2471 304 2529 ad
333 2470 484 2532 interitum
512 2489 674 2534 corruunt.
703 2476 801 2548 Quam
829 2473 892 2533 vim
933 2467 1146 2531 rudentissrruus
1177 2466 1223 2529 isle

266 2549 400 2628 paterio
422 2552 571 2629 virgarum
591 2549 727 2613 fasciculo
746 2553 805 2613 suis
820 2551 888 2612 siliis
908 2491 1134 2622 demonstravit,
1155 2566 1219 2629 quas

267 2627 352 2689 simul
373 2649 432 2693 una
453 2647 513 2691 arte
534 2630 686 2710 colligatas
708 2632 805 2694 nulius
827 2650 928 2692 eorum
951 2629 1034 2690 omni
1055 2645 1159 2691 conatu
1180 2630 1219 2687 in·

268 2706 418 2785 sir-ingere,
441 2708 566 2786 singulas
587 2726 686 2769 autem
708 2711 828 2790 quisque
847 2707 987 2770 satissime
1007 2709 1131 2788 potuit.
1160 2707 1223 2771 Uti-¹

266 2805 336 2845 nam
358 2802 456 2845 autem
478 2789 534 2848 hoc
555 2788 647 2866 ipsum
669 2809 735 2849 curn
759 2790 843 2868 Reip.
863 2789 1032 2851 Christiana:
1054 2788 1166 2849 summa
1179 2806 1217 2849 ca·

267 2864 400 2927 lumitate
420 2865 479 2933 eius
503 2867 670 2944 Principum
694 2867 822 2928 dissensio
831 2885 898 2929 ante
919 2869 1028 2949 semper
1048 2868 1150 2930 testata
1165 2886 1214 2929 non

200 2966 224 3034 s
268 2945 353 3017 esset,
375 2960 465 3025 atquo
484 2947 573 3007 etiarn
596 2946 711 3026 longius
732 2947 827 3009 restari
849 2969 907 3009 non
929 2964 1077 3028 pergeret,
1098 2948 1213 3029 quitum

265 3044 427 3105 numquam
452 3025 583 3087 adversus
612 3028 761 3092 Thracum
790 3027 875 3089 istum
904 3030 1015 3107 Regem
1046 3027 1131 3089 suum
1151 3045 1216 3090 atro·

266 3103 408 3168 ciffimum
430 3105 538 3167 hosiem
559 3127 626 3169 vere
647 3107 722 3168 inter
744 3106 771 3168 se
794 3108 1014 3182 convenissent,
1042 3107 1079 3168 de
1100 3129 1135 3168 ea
1162 3126 1214 3171 tau·

266 3201 298 3246 ta
326 3201 424 3258 terra,
451 3187 582 3268 marique
610 3187 771 3249 diminutio
805 3186 883 3250 sacia
902 3187 966 3261 est,
995 3204 1029 3247 ut
1050 3188 1155 3267 pudeat
1181 3207 1214 3247 re·

266 3263 376 3326 censete
394 3284 403 3334 3
431 3286 518 3345 quem
541 3286 600 3329 non
630 3270 750 3349 propriae
770 3268 846 3330 vires
868 3313 878 3342 ,
906 3286 959 3330 aut
979 3266 1213 3338 bellicarum,

265 3343 312 3405 sed
332 3343 429 3407 nostra
446 3345 588 3409 discordia
608 3347 861 3428 potentissimum,
883 3364 971 3428 atque
994 3346 1137 3409 nidorem
1152 3347 1213 3408 sent·

266 3443 319 3502 per
340 3421 488 3485 reddidit.
516 3426 686 3504 Ignoscite,
715 3429 861 3499 Principes
882 3427 1066 3500 Christiani,
1096 3426 1223 3506 fipauto

266 3501 385 3565 liberius
405 3522 481 3564 nunc
502 3506 647 3567 vobiscum
671 3527 780 3584 agam.
809 3510 868 3567 Res
888 3507 967 3567 enim
992 3524 1053 3568 tam
1076 3505 1216 3569 manisesia

267 3583 331 3654 est,
353 3599 385 3642 ut
407 3581 603 3660 dissimulari,
633 3603 751 3667 tamque
773 3588 899 3666 iniqua,
932 3603 1047 3648 utnon
1070 3586 1215 3658 accusati,

266 3661 320 3721 nisi
342 3660 498 3740 improbe,
526 3684 584 3723 uon
608 3682 720 3746 queat.
751 3665 831 3737 Vos,
852 3687 904 3726 vos
922 3711 931 3740 ‚
952 3668 1100 3748 inquam,
1129 3665 1216 3728 solii-

265 3741 334 3802 ssius
355 3739 423 3801 belli
445 3741 626 3817 cattssaesiis,
649 3746 701 3825 qui
723 3744 832 3807 bostem
854 3748 980 3809 vestrum
1003 3747 1103 3807 vestris
1121 3746 1216 3809 discor·
1256 3781 1259 3787 ·

154 3821 402 4058 Aaou
430 3821 524 3885 solum
545 3822 628 3887 vobis
649 3824 685 3887 ad
707 3823 817 3894 benum
847 3824 1029 3893 inferendum
1052 3827 1216 3968 ῙΠἿῘῑῗξῖ

349 3960 356 3975 ι
1150 3926 1164 3966 e
