3000 4559
397 500 453 566 ω
614 479 866 565 B'ARTHOL.
897 482 1057 542 sicori

355 570 438 628 mnia
456 563 554 627 insunt
572 607 581 640 ,
600 582 666 646 qua
684 563 798 625 ad‘tam
823 560 921 624 salsam
939 598 948 636 ,
971 579 1090 641 tamque
1112 558 1250 623 nefariam
1262 582 1311 625 ac·

355 646 534 708 cusationem
553 642 718 724 pertinent?
740 642 843 716 Vide,
866 642 986 722 quasso,
1008 639 1087 722 quod
1108 661 1166 716 os,
1181 661 1244 722 qua
1259 642 1311 705 lin·

351 746 438 869 gua,
458 735 522 807 'qua
542 721 734 794 confidentia,
750 738 785 782 ut
803 741 870 782 cuin
891 720 919 783 se
934 721 1025 781 etiam
1040 721 1073 780 in
1090 717 1244 784 manifesto
1259 719 1311 784 ste·

364 826 410 868 ere
432 803 635 886 deprehensum
660 803 717 862 csse
729 800 853 875 videat,
874 800 968 861 nihilo
985 817 1082 861 tamen
1104 800 1195 863 vultu
1210 800 1311 865 tristior

354 886 388 947 sit
404 884 569 959 ,oratione
592 881 686 962 magis
703 881 744 941 im
803 881 886 957 itus,
906 879 1036 963 quamsi
1057 880 1092 941 de
1109 900 1139 941 re
1195 897 1254 944 etet
1266 883 1310 943 lae-

354 964 487 1034 tiffim23
511 962 594 1046 'quin
610 962 740 1022 etiamsi
766 982 784 1022 a
808 960 857 1021 sua
882 960 1026 1034 audacia,
1047 959 1130 1021 nullo
1157 981 1176 1020 a
1189 961 1220 1021 io
1234 981 1309 1042 argu·

354 1059 481 1119 mento,
503 1042 595 1124 sperat
618 1042 699 1103 suam
723 1038 935 1102 accusationem
957 1038 1011 1103 tibi
1027 1039 1142 1119 prorsus
1160 1039 1216 1100 esse
1239 1061 1309 1102 com·

352 1124 558 1215 probaturum.
580 1118 732 1182 LGaffius
747 1118 942 1202 mquissimus,
958 1139 991 1179 ac
1007 1117 1243 1199 prudentissimus
1260 1121 1308 1183 Vir

350 1221 382 1266 tn
403 1202 523 1264 occultis
547 1199 697 1262 maleficiis
721 1199 752 1260 in
764 1199 881 1290 primis
900 1198 1084 1282 quarendum
1108 1198 1163 1260 esse
1179 1197 1306 1276 dicebat,

349 1282 395 1344 cui
414 1280 495 1342 bono.
516 1279 709 1341 Erilliniaba't
733 1298 814 1340 anim
829 1278 1048 1361 sapientissimus
1072 1280 1089 1350 J
1092 1278 1167 1341 udex
1189 1279 1271 1341 nulla
1282 1301 1307 1341 a*

329 1361 391 1422 ¹sia
406 1381 444 1423 -te
468 1361 562 1442 nitigis
580 1359 725 1427 'homines
743 1359 780 1419 ab
797 1359 915 1420 honesto
941 1358 1114 1421 transversos
1143 1359 1192 1440 agi
1210 1358 1304 1438 posse,

369 1459 437 1502 uani
452 1439 626 1515 commodi,
647 1459 736 1523 quarn
751 1438 892 1515 utilitatis
916 1439 1037 1512 caussa,
1058 1458 1150 1520 quam
1171 1458 1209 1499 eit
1228 1439 1306 1500 male·

347 1461 422 1581 {ciis
438 1521 692 1604 consequerentur.
711 1519 789 1580 Haeo
803 1537 919 1601 quoque
939 1561 949 1593 ,
972 1518 1133 1598 Princeps,
1157 1533 1270 1601 quanta
1285 1518 1306 1578 i·

350 1599 386 1661 sti
413 1619 479 1661 cum
503 1597 653 1681 prasens,¹
683 1613 746 1660 tum
776 1599 866 1660 etiam
894 1597 1005 1678 sperata
1031 1596 1152 1675 suerit,
1183 1597 1304 1659 vindici

370 1679 458 1741 otesl.
478 1678 629 1741 Oontinuo
646 1678 725 1740 enim
742 1678 794 1739 isle
810 1677 838 1740 se
857 1675 907 1739 suo
922 1677 975 1740 isto
990 1676 1091 1739 scelere
1105 1698 1143 1740 eit
1159 1678 1303 1740 carcereis

347 1699 538 1833 libertatem,
567 1778 603 1818 eit
629 1773 723 1819 morte
748 1757 780 1818 in
806 1758 909 1819 vitam.
927 1757 1051 1819 exemit.
1081 1758 1125 1818 At
1142 1758 1175 1819 in
1199 1777 1301 1839 quani,

346 1838 398 1898 Dii
415 1836 500 1898 boni!
524 1837 662 1899 levitam
682 1837 810 1897 exemit?
833 1854 922 1918 quam
945 1851 977 1898 tu
997 1882 1007 1912 ,
1030 1837 1197 1911 Hercules,
1254 1857 1301 1918 rpe-

348 1933 401 1978 tuo
434 1915 495 1996 jure
520 1916 639 2007 optimo
668 1917 802 1989 coleres,
832 1917 866 1976 in·
885 1916 1007 1978 ‘summo
1036 1917 1146 1978 honore
1173 1916 1196 1977 li
1248 1932 1303 1992 ret,

347 2016 438 2077 quam
467 1995 603 2056 omnibus
640 1993 832 2076 dignitatibus
864 1995 1097 2072 cohonestares,
1137 1995 1300 2059 extolleret.

347 2079 429 2138 Nam
450 2075 537 2156 quod,
551 2073 600 2136 sibi
624 2076 655 2134 in
676 2073 858 2154 amplissimis
879 2075 1096 2146 coniuratorum
1118 2078 1212 2158 copiis
1240 2074 1301 2156 opti·

349 2175 398 2216 me
418 2154 539 2218 cavisset
552 2198 562 2229 ,
575 2153 658 2215 illud
680 2154 840 2215 minimum
862 2152 993 2219 fututum
1013 2172 1075 2217 etat
1095 2175 1154 2236 prae
1177 2156 1232 2231 iis,
1248 2174 1300 2246 qua·

349 2233 460 2316 ipsein
483 2234 576 2296 illum
590 2231 681 2316 [ssqua
702 2250 754 2296 tua
775 2234 888 2296 summa
905 2235 946 2297 est
966 2234 1159 2326 benignitas]
1182 2234 1300 2319 quotidie

245 2363 248 2369 .
350 2315 510 2406 largissime
538 2313 696 2375 consertes.
726 2314 777 2375 Tu
797 2355 807 2390 ,
829 2330 887 2390 tii,
908 2315 1056 2397 inquam,
1076 2314 1302 2377 omniumsctle·
1342 2326 1345 2365 ἱ

349 2393 514 2466 satissime,
543 2395 681 2474 quirem
709 2409 817 2468 tuam,
847 2410 934 2476 atque
955 2396 1026 2457 adeo
1055 2396 1184 2456 alienam
1211 2414 1300 2488 peto*
1340 2404 1345 2444 1

349 2493 450 2535 mnem
473 2474 620 2534 luxuriam
640 2473 880 2552 consumpserat,
911 2495 1006 2556 neque
1026 2474 1115 2537 etiam
1136 2474 1300 2536 domitass-
1337 2465 1345 2522 l

348 2554 423 2615 nimi
453 2553 497 2614 tui
517 2552 691 2632 cupiditates
714 2551 871 2613 effraenatas
896 2554 1039 2630 haberes,
1068 2576 1129 2617 non
1151 2571 1186 2616 ut
1202 2571 1230 2616 te
1247 2570 1297 2616 taut
1338 2564 1345 2603 l

348 2649 412 2693 atro
440 2652 549 2692 carcere
579 2631 738 2706 liberates,
770 2651 829 2692 non
851 2648 884 2692 ut
904 2635 1007 2714 capitis
1037 2634 1180 2706 judicium
1202 2632 1300 2698 devita·
1337 2643 1345 2681 1

348 2729 419 2782 res,
448 2709 494 2770 sed
515 2710 609 2788 magii
639 2726 778 2772 ut.vetus
806 2712 972 2775 institutum
995 2728 1087 2777 'tuum
1109 2714 1253 2788 servares,
1270 2729 1299 2774 ut
1337 2724 1345 2761 l

349 2789 515 2871 antiquum.
529 2788 787 2868 turpisfimae'vitae
808 2807 939 2852 tenorem
959 2795 1094 2856 retineres
1117 2839 1126 2870 ,
1156 2810 1190 2856 ut
1210 2795 1297 2863 iuven·
1337 2803 1345 2842 1

350 2867 408 2930 tuti
428 2887 525 2947 parem
553 2887 650 2948 ageres
671 2868 869 2947 senectutem,
900 2873 955 2934 hoc
976 2873 1040 2949 est,
1072 2891 1107 2936 ut
1127 2891 1224 2936 totam
1242 2888 1296 2933 ata·
1334 2882 1344 2922 ἒ

349 2963 411 3008 tem
439 2947 700 3030 coinquinatisfime
738 2948 950 3028 consumeres,
988 2953 1064 3015 hanc
1094 2952 1298 3016 lucrosissimam·
1336 2962 1345 3001 s

347 3027 430 3091 biam
452 3027 639 3102 adinvenisti,
657 3027 849 3110 turpissimam
866 3031 942 3093 hanc
962 3034 1108 3094 rationem
1130 3032 1235 3100 iniisti.
1252 3029 1295 3092 Sed
1337 3043 1345 3079 ἲ

349 3108 386 3170 ad
405 3127 466 3169 rem
479 3106 587 3168 redeo.
609 3109 714 3172 Noster
735 3110 788 3172 isle
808 3111 962 3191 optimus,
985 3134 1018 3174 ac
1034 3111 1213 3174 fidelissimus
1233 3109 1298 3172 coi·
1334 3122 1345 3173 3²

352 3187 471 3249 siliarius
500 3187 656 3262 dicit,·se
676 3209 711 3250 ex
732 3211 766 3252 eo
795 3190 953 3266 sermone,
984 3213 1072 3275 quein
1095 3192 1143 3254 hic
1165 3213 1230 3254 cum
1249 3189 1297 3251 tuit
1334 3190 1336 3227 ³

351 3265 474 3329 Civibus
495 3265 588 3340 fecit,
608 3287 668 3328 rem
690 3285 784 3329 totam
804 3271 970 3352 percepisse.
999 3272 1126 3347 Silicet,
1150 3273 1300 3350 Princeps,
1334 3280 1337 3325 i

349 3347 428 3485 quod
449 3345 497 3406 hic
527 3361 612 3408 antea
632 3347 724 3408 celare
744 3349 829 3411 illum
852 3351 1012 3427 voluisset,
1041 3368 1183 3432 perpetuo
1204 3345 1297 3413 noluis·
1334 3328 1338 3401 l

363 3440 408 3497 et,
429 3444 521 3506 neque
542 3425 668 3500 scisset?
684 3447 750 3488 cum
771 3428 808 3490 ad
830 3432 857 3490 se
878 3431 967 3493 Cives
996 3432 1040 3494 tui
1063 3431 1256 3504 accessissent,
1280 3424 1297 3490 i·
1335 3446 1338 3485 ῑ

353 3503 453 3594 llum,
481 3503 501 3564 si
531 3505 596 3566 casu
625 3523 709 3568 antea
737 3507 762 3568 is
791 3509 937 3584 astitisset,
965 3512 1067 3594 aliquo
1086 3512 1239 3593 allegare,
1265 3507 1300 3570 sor
1335 3520 1339 3605 j

349 3601 397 3643 ras
417 3602 443 3643 ei
465 3602 574 3645 novum
603 3586 721 3668 aliquod
741 3589 892 3668 negotium
914 3589 1004 3666 dare,
1032 3612 1069 3653 ne
1093 3592 1150 3653 suis
1173 3587 1301 3653 sermoni-1

351 3657 403 3722 bus
431 3662 600 3725 interesset:
628 3683 681 3727 aut
701 3667 721 3727 si
741 3665 771 3727 id
800 3683 863 3727 tum
883 3671 1037 3732 commode
1057 3671 1226 3752 nequisset,
1246 3686 1301 3729 reni

258 3816 261 3823 Ι
349 3738 382 3801 in
397 3739 482 3832 aliud
499 3758 625 3832 ¹tempus
644 3743 766 3807 ¹differre
787 3764 876 3809 certe¹
891 3750 1047 3827 potuisset:
1075 3750 1208 3831 professo
1228 3743 1295 3830 quod

349 3820 420 3886 huic
438 3823 535 3886 initio
546 3844 607 3887 non
622 3824 801 3903 indicasset,
821 3845 1068 3912 numquamsstatu
1087 3830 1193 3896 stultus
1209 3872 1220 3918 t
1246 3843 1298 3889 tan

400 3948 406 3957 .
767 3954 770 3959 .
1209 3925 1268 3969 lm*
