3000 4559
1158 498 1195 564 53

271 598 1250 744 BARTHOLOMAEIRICCII'

278 909 284 917 ,
333 844 550 916 LUCRETIAE
568 843 747 922 JOANNIS
772 841 895 910 PAULI
917 841 1169 915 MANFRONII

578 1001 686 1068 Uxoris
709 1000 829 1068 nomine
848 1001 941 1073 eidem

433 1159 1141 1229 nercurrnresrro.

446 1332 822 1406 GRATIARUM
863 1338 1064 1427 Arrio.
1129 1363 1134 1380 ·

426 1530 460 1591 'l
476 1515 527 1577 Tli
544 1532 595 1579 tua
615 1532 724 1592 tanta,
754 1516 895 1579 Hercules
925 1515 1026 1580 Prinee
1068 1559 1077 1593 ,
1099 1512 1129 1576 ln
1150 1510 1237 1590 Joarr·

299 1663 305 1678 ¹
357 1594 460 1729 κζί
490 1615 558 1657 nem
590 1596 713 1659 Paulum
744 1595 945 1658 Mansronium
974 1596 993 1656 h
1034 1596 1061 1656 ie
1096 1592 1153 1659 suit
1177 1596 1236 1658 cle·

357 1690 460 1793 ff
490 1676 618 1750 mentia,
642 1692 674 1738 ut
695 1696 731 1738 ne
752 1677 784 1736 in
807 1675 952 1739 reserenda
972 1674 1092 1757 quidem
1112 1675 1235 1757 gratia,

439 1724 454 1793 s
487 1756 624 1838 quamvis
633 1773 680 1818 am
703 1755 827 1833 liffima,
855 1756 923 1820 satis
945 1755 1001 1819 tibi
1019 1754 1234 1837 umquamfieri

488 1835 594 1915 posset,
614 1837 666 1918 qui
676 1777 719 1897 iili
731 1880 741 1913 ,
755 1854 850 1977 fluam
859 1835 1232 1920 aquiffimojurevitame·

281 1757 283 1766 l
318 1762 329 1771 Ιι

365 1777 459 1832 ss—lfl'

287 1832 303 1843 t..
372 1836 398 1854 Ἰ

271 1911 365 1992 ripere
377 1927 522 1992 potetas,
549 1935 613 1977 eam
634 1915 700 1978 beni
722 1915 752 1976 ni
777 1938 835 1980 rme
856 1915 1048 1988 condonasti3
1076 1931 1173 1978 tamen
1196 1930 1233 1977 ut

269 1990 364 2070 magis
393 1991 549 2054 hominum
569 1936 796 2072 consuetudini,
826 2016 917 2080 quam
947 2014 1000 2059 tuo
1021 1997 1128 2057 merito
1149 1995 1233 2076 quic·

268 2086 359 2152 quam
381 2071 564 2151 respondeam
590 2117 600 2149 ,
621 2075 672 2135 has
696 2093 801 2153 parvas
822 2077 853 2137 in
873 2076 1022 2157 prasentia
1042 2094 1096 2154 pro
1115 2076 1174 2143 ejus
1191 2074 1235 2134 U-

269 2167 339 2210 xore
361 2148 415 2211 trbi
436 2153 546 2231 gratias
568 2170 651 2233 agere
672 2153 760 2215 statui
778 2197 786 2211 .
813 2154 938 2215 Sedent
977 2174 1045 2215 uam
1067 2153 1103 2212 ad
1124 2154 1234 2231 gratia-

268 2227 634 2305 rumadlionemveniam,
656 2231 836 2311 haecpauca,
881 2251 956 2292 uaea
986 2229 1151 2291 meritiTui
1172 2248 1235 2289 ma·

266 2307 457 2389 gnitudinem
478 2310 641 2387 pertinent,
663 2329 828 2389 percurrere
849 2309 869 2370 li
891 2310 952 2370 uit.
973 2311 1039 2386 Due
1056 2326 1098 2367 res
1121 2308 1153 2368 in
1167 2308 1233 2447 gri-

267 2387 339 2459 inis,
351 2385 511 2462 Hercules,
532 2407 550 2447 a
568 2387 699 2468 Principe
720 2389 816 2468 expeti
838 2387 947 2461 solent,
967 2386 1099 2460 lustitia,
1120 2385 1151 2448 δι
1195 2387 1234 2449 le·

265 2466 408 2527 mentia.
446 2464 493 2526 Ira
512 2467 591 2528 enim
625 2467 669 2528 hae
691 2468 754 2529 duae
776 2469 910 2532 Virtutes
930 2468 1006 2529 inter
1028 2466 1055 2528 se
1075 2465 1234 2537 conjunstae

267 2545 356 2618 sunt,
378 2561 466 2626 atque
486 2545 640 2609 commode
661 2548 843 2611 conveniunt
862 2593 871 2624 ,
893 2565 926 2609 ut
947 2548 1039 2609 altera
1060 2545 1118 2607 sine
1138 2546 1232 2611 altera

263 2624 342 2686 rcere
363 2625 414 2684 elle
435 2644 494 2686 non
516 2627 623 2708 poffit.
653 2629 735 2690 Nam
757 2630 810 2710 qui
831 2630 967 2709 Princeps
988 2648 1006 2689 a
1028 2625 1141 2689 summo
1161 2626 1230 2698 luto

265 2703 408 2765 discedere
429 2705 532 2781 nescit,
557 2708 581 2768 is
602 2706 672 2790 saepe
694 2709 725 2769 in
748 2713 892 2771 summam
913 2708 1048 2779 injuriam
1071 2709 1228 2785 incurrat,

267 2782 378 2844 necesse
399 2784 455 2855 est,
475 2787 526 2865 qui
547 2804 649 2851 contra
670 2804 750 2853 totus
772 2788 969 2852 misericordia
988 2788 1046 2850 deli
1069 2787 1174 2862 uescit,
1190 2807 1230 2850 ne

268 2863 364 2923 malos
386 2863 592 2944 improbiores,
612 2888 672 2929 reos
680 2870 770 2931 etiam
781 2870 1013 2952 quamplurimos
1069 2870 1146 2941 ciat,
1167 2887 1230 2929 ma·

267 2959 361 3022 gnum
382 2943 422 3003 est
443 2945 619 3025 periculum.
639 2947 753 3009 Harum
776 2963 873 3010 autem
894 2961 1047 3029 utramque
1062 2947 1131 3018 Tu,
1153 2945 1230 3005 Her·

268 3021 347 3082 cules
368 3021 520 3103 Princeps,
541 3025 584 3084 ita
605 3025 636 3085 in
656 3027 729 3088 Tuis
753 3028 865 3098 judiciis
887 3045 1018 3100 exerces,
1039 3026 1082 3084 ita
1095 3023 1250 3101 utriques

267 3101 348 3182 quod
370 3101 453 3164 suum
476 3103 538 3176 est,
568 3119 649 3183 aeque
668 3104 823 3183 impertit,
852 3123 886 3166 ut
907 3106 938 3163 in
960 3121 1083 3181 utraque
1111 3100 1227 3179 egregie

266 3180 407 3241 excellas.
429 3181 462 3241 Id
482 3181 561 3273 quod
584 3200 650 3242 cum
672 3181 804 3263 quotidie
827 3199 890 3244 tum
910 3179 1040 3260 publice,
1065 3178 1228 3240 tumetium

269 3259 412 3340 privatim
433 3278 545 3342 optime
587 3261 697 3336 relies,
713 3260 853 3323 hodierno
875 3278 973 3323 tamen
990 3258 1056 3333 die,
1075 3256 1229 3340 quamcle·

268 3358 378 3414 mens,
398 3360 488 3421 quam
511 3280 695 3414 misdricors,
726 3360 814 3423 quam
844 3359 954 3420 magno
982 3337 1082 3400 animo
1114 3336 1227 3415 sueriS,

269 3419 400 3500 quinon
421 3421 527 3496 videt,
550 3439 617 3482 eum
639 3421 734 3482 Solem
756 3420 878 3481 arbitror
896 3437 955 3480 non
977 3416 1090 3488 videre;
1112 3437 1179 3478 tum
1201 3420 1229 3481 ei

268 3497 363 3573 hosii,
388 3499 439 3582 qui
461 3500 488 3560 se
508 3499 618 3562 Tibi&
638 3518 784 3562 venenum
807 3497 924 3572 mifisse,
945 3498 976 3559 &
994 3498 1135 3560 multisiu
1156 3496 1227 3560 locis

270 3576 377 3638 caedern
399 3581 588 3654 constituisse,
609 3579 686 3642 &ad
702 3580 839 3641 Senatum
862 3580 1008 3641 Venetum
1018 3578 1046 3639 se
1065 3579 1100 3639 de
1121 3577 1228 3638 Penin-

273 3655 336 3717 sula
356 3678 374 3717 a
395 3655 441 3719 Te
462 3659 515 3720 esse
536 3676 711 3722 attentatum
732 3659 804 3720 salso
823 3657 976 3734 detulisse,
1006 3658 1036 3720 δι
1051 3657 1164 3731 Ciues,
1193 3677 1228 3737 ae

270 3731 427 3798 familiares
451 3754 515 3798 tuos
538 3739 737 3801 miserabiliter
759 3736 950 3811 interfecisse,
969 3736 1105 3800 consessus
1126 3735 1181 3809 ell,
1202 3737 1227 3795 i·'

269 3815 423 3895 gnovisli,
486 3817 622 3898 percisli,
649 3819 780 3902 hancque
802 3816 998 3962 sussvissrmam
1018 3817 1085 3881 vita
1107 3814 1222 3876 ulirram

898 3914 914 3976 3
1115 3909 1184 3953 con·
