3000 4559
513 486 538 547 0
559 489 587 546 R
606 491 634 547 A
655 489 685 546 Τ
706 488 722 546 Ι
739 489 766 546 Ο
788 484 863 549 ΝΕ
883 482 919 547 5.
1101 506 1139 569 37

219 565 266 640 sus
284 612 293 643 ,
314 587 348 630 oc
367 567 602 630 consuetudinem
624 567 749 628 nostram
771 567 802 626 in
824 565 986 629 Civitatem
1006 567 1126 648 irrepere
1143 589 1190 631 cc.

218 649 316 708 naris.
337 649 390 709 Sed
420 646 464 709 sac
483 649 553 708 item
564 673 580 720 ,·
601 662 633 706 ur
663 646 784 707 Tabula
806 645 879 720 iisae,
900 666 972 728 quas
994 647 1087 708 nullas
1109 647 1190 714 fuisse
1287 723 1291 731 ,

217 728 349 802 constat,
370 727 421 787 illa
462 747 533 788 arva
556 724 694 800 flamma,
714 727 793 795 cujus
815 724 1070 807 nesumoquidem
1089 728 1189 790 Tabu-

218 807 326 868 iarium
358 747 526 886 superfitum
558 807 596 874 est
621 851 630 879 ,
659 807 789 868 comburi
825 808 999 885 potuerint,
1028 806 1189 870 combustas

218 885 292 961 esse,
314 903 402 967 atque
421 905 490 948 cum
515 886 550 946 iis
573 903 637 946 tuas
658 887 747 946 etiam
765 907 822 947 una
843 887 926 948 simus
943 887 1090 968 privatas.
1110 889 1190 964 Quid

216 965 255 1026 de
275 964 443 1047 professione
470 962 575 1027 dices?
608 968 690 1025 Num
722 986 833 1028 novum
863 965 983 1048 aliquod
1005 965 1115 1028 bessum
1145 968 1189 1029 di·

218 1065 292 1121 cet,
342 1064 380 1108 uo
411 1049 510 1107 Roma
541 1044 759 1125 conflagrant?
797 1045 874 1106 Eam
901 1066 1019 1129 quoque
1052 1047 1187 1110 incendio

216 1126 343 1205 periisse.
377 1127 459 1185 Nam
481 1144 549 1185 cum
570 1123 729 1185 aconsesiis
752 1125 878 1187 Tabulis
899 1128 960 1188 LX.
983 1125 1044 1187 dies
1066 1126 1188 1201 dentur,

239 1204 322 1268 uibus
352 1206 543 1285 profiteantur
572 1203 607 1264 ad
637 1206 816 1283 Praetorem,
867 1206 897 1266 ui
926 1206 1057 1267 Civitate
1085 1205 1189 1270 donati

208 1224 311 1361 iiiut,
339 1284 416 1364 apud
437 1303 526 1365 quem
548 1282 701 1344 Praetorem
724 1284 777 1345 isia
798 1225 930 1365 prosesho
957 1284 1034 1346 sassa
1055 1287 1115 1361 srt,
1145 1307 1188 1348 te·

216 1367 323 1448 quito.
346 1366 487 1426 Praetores
508 1363 639 1424 Deorum
662 1364 801 1425 beneficio
819 1406 828 1437 ,
848 1364 978 1436 Iudices,
998 1365 1057 1433 iam
1078 1365 1188 1428 multo-

216 1464 286 1505 rum
307 1463 451 1505 annorum
481 1442 613 1512 vivunt3
649 1443 752 1504 adsunt
776 1444 845 1511 huic
879 1443 994 1514 Judicio
1023 1465 1083 1504 non
1103 1446 1189 1524 pauci
1220 1488 1223 1494 -

214 1523 351 1585 Praetorii
372 1523 465 1582 Viri.
485 1521 571 1582 Dicat
593 1522 645 1595 is,
667 1521 743 1602 apud
764 1542 852 1604 quem
873 1521 1005 1603 professus
1027 1522 1085 1585 sn.
1108 1523 1187 1592 Audi

162 1638 165 1675 ;
215 1623 310 1694 quam
332 1602 391 1664 ciro
407 1648 415 1662 .
434 1601 532 1682 Apud
553 1604 590 1674 Q.
614 1602 772 1662 Metellum
804 1602 912 1664 Virum
935 1603 1081 1683 optimum
1105 1601 1189 1665 sami·

162 1718 164 1725 ·
215 1681 400 1744 iratissimum
422 1701 522 1744 meum
544 1679 679 1771 professus
704 1682 766 1743 sum
784 1727 791 1741 .
812 1683 883 1744 Non
904 1702 1002 1763 quaero
1022 1703 1100 1744 nunc
1121 1683 1189 1746 Me·

162 1830 164 1837 ,
212 1762 279 1824 teili
301 1762 518 1842 integritatem,
540 1781 584 1831 rus
605 1781 719 1844 quaero,
742 1782 854 1822 morem
876 1763 1030 1845 antiquum
1052 1762 1185 1850 postulo,

162 1880 170 1917 ί
214 1841 358 1904 Civitatis
380 1842 523 1903 rationem
544 1839 690 1902 defendo.
722 1840 819 1903 Proser
841 1842 918 1904 diem
939 1844 1018 1904 istius
1040 1842 1186 1923 ptoseffio·

162 1958 173 1995 f
214 1921 284 1982 nis.
308 1920 461 2002 Expes‘ro.
481 1919 561 1995 Quid
584 1919 666 1983 stas?
688 1921 818 1984 Proserae
841 1922 959 1984 tandem
981 1923 1058 1984 diem
1080 1921 1184 1994 istum,

215 2001 310 2063 Nuiio
336 2002 416 2062 enim
437 2000 632 2062 Tabularium
655 2000 784 2062 nostrum
813 2003 949 2064 incendio
977 2002 1184 2082 consumptum

162 2120 176 2161 ς
214 2080 255 2141 est
280 2126 287 2141 .
323 2081 464 2145 AErarium
496 2079 599 2155 adite,
628 2080 766 2155 Judices,
795 2082 844 2142 vel
873 2081 919 2142 isti
939 2082 1037 2160 potius
1059 2082 1184 2161 adeant,

170 2198 178 2233 ι,
213 2159 336 2222 Codices
360 2179 463 2221 omnes
485 2157 615 2234 versent,
636 2159 738 2220 omnia
759 2160 862 2239 scripta
882 2162 1076 2240 investigent,
1098 2161 1117 2220 s1
1140 2162 1186 2222 us-

171 2278 179 2317 ,
213 2260 305 2322 quam
327 2240 410 2300 istam
432 2235 631 2319 profeffionem
661 2237 843 2316 repererint,
872 2240 946 2298 nihil
975 2239 1072 2300 caussa
1100 2237 1185 2378 diega

243 2403 297 2471 cit,
320 2395 432 2458 nullam
453 2393 586 2476 profert,
615 2394 720 2456 necesse
742 2393 809 2469 est,
831 2409 864 2456 ut
884 2395 959 2456 mihi
980 2395 1136 2471 concedat,
1157 2395 1186 2458 se

175 2358 180 2383 t
211 2322 289 2462 guin
311 2318 396 2379 Civis
412 2317 447 2379 srt
463 2316 603 2391 Archias,
626 2316 673 2378 vel
692 2317 782 2376 etiam
798 2315 908 2377 Consul
925 2360 931 2374 .
951 2316 980 2376 Si
996 2337 1082 2390 vero,
1105 2335 1143 2398 qu

162 2442 189 2569 ἱ
213 2478 400 2619 Ρεῗέτίηυω
419 2477 487 2538 esse.
509 2473 735 2557 Nosite,quaeso,
767 2472 952 2566 sapiutenim
968 2474 1045 2536 mihi
1061 2475 1125 2536 esiis
1141 2495 1188 2545 ro-

162 2594 185 2637 „
214 2581 253 2647 ga
298 2556 333 2639 1]
354 2557 475 2638 Optimi
497 2555 583 2628 Viri,
605 2556 680 2617 hanc
702 2572 763 2617 tam
784 2555 918 2636 iniquam
940 2556 1021 2618 viam
1043 2555 1079 2617 ad
1099 2554 1185 2617 Civi-

162 2652 186 2711 ί
213 2657 307 2703 tatem
328 2638 452 2699 vestram
474 2635 582 2698 caeteris
604 2635 734 2717 aperire.
768 2633 858 2697 Probe
879 2635 957 2697 enim
987 2634 1082 2711 scivit,
1102 2635 1184 2726 quod

162 2750 184 2803 Ε
214 2719 341 2781 aliorum
361 2716 497 2798 exemplo
519 2715 572 2790 sit,
593 2715 672 2798 quasi
689 2714 750 2788 jure
767 2715 926 2855 aesmffimo
942 2715 1020 2787 fieri3
1041 2735 1079 2776 ne
1093 2715 1183 2778 disce*

162 2806 179 2872 ξ
210 2800 275 2861 dite
301 2797 487 2867 aMaiorum
507 2797 665 2858 vestrorum
690 2793 780 2856 saneti
805 2796 871 2865 imis
887 2795 1051 2866 Inuitum
1077 2815 1181 2861 eorum

162 2893 178 2952 ᾗ
207 2875 476 2950 consuetudinem,
496 2891 584 2956 atque
605 2895 716 2936 morem
740 2875 802 2937 inte
823 2877 927 2937 errime
946 2877 1094 2950 retinete,
1115 2876 1181 2957 qui-

162 2988 176 3029 :
203 2977 273 3043 que
294 2955 369 3016 hanc
388 2955 569 3028 Civitatem,
590 2956 645 3016 hoc
666 2957 722 3029 est,
742 2896 951 3036 ampiiffimum
971 2954 1098 3021 vestrum
1114 2960 1180 3013 mu,

162 3042 174 3107 κ’
205 3054 269 3101 uus
292 3048 452 3115 appetunt,
473 3053 508 3094 ea
528 3036 640 3096 ratione
662 3050 827 3114 appetant,
870 3055 907 3095 ua
927 3035 1023 3099 caeteri
1044 3032 1181 3093 ad¹huno

204 3119 293 3182 diem
313 3112 459 3175 fecerunt.
481 3111 547 3183 Jam
568 3131 656 3184 vero,
677 3112 830 3192 aequissimi
848 3054 981 3186 sudices,
1004 3110 1057 3190 qui
1077 3111 1109 3169 in
1129 3107 1181 3170 Ci-

205 3199 308 3262 vitare
331 3195 424 3268 sunt,
450 3211 520 3253 cum
540 3190 661 3250 lustrum
682 3191 804 3270 agitur,
834 3189 962 3264 adsunt,
990 3186 1180 3268 profitentur,

206 3279 380 3341 censentur.
403 3273 416 3344 J
422 3271 506 3334 ubete
527 3267 715 3351 vos,quaeso,
734 3285 768 3330 ut
784 3270 834 3331 iste
850 3268 934 3330 vobis
949 3267 1096 3343 ostendat,
1117 3287 1178 3351 quo

206 3355 303 3420 lustro
325 3353 457 3427 assuerit,
481 3350 557 3431 apud
601 3368 665 3411 uem
687 3347 842 3409 Censorem
859 3346 993 3429 prosessus
1014 3347 1065 3423 srt,
1086 3367 1177 3429 quan,

202 3437 250 3499 do
269 3434 298 3496 se
318 3434 423 3495 Civem
445 3434 500 3493 hac
521 3368 691 3512 proseffione
710 3426 871 3489 indicarit.
898 3429 979 3488 Nam
998 3427 1049 3491 etsr
1069 3427 1175 3490 censeri

201 3517 240 3580 in
265 3513 354 3575 iustro
374 3532 433 3573 non
455 3511 495 3573 est
516 3511 638 3572 omnino
660 3507 767 3568 Civem
798 3507 886 3583 fieri,
914 3525 990 3571 certe
1016 3507 1056 3569 est
1075 3507 1175 3592 aliquo

202 3595 301 3660 modo
322 3593 349 3654 se
369 3593 476 3654 Civem
497 3593 548 3653 esse
568 3588 750 3672 significare3
783 3588 877 3649 nihilo
898 3591 991 3670 magis
1012 3591 1087 3650 hanc
1108 3608 1175 3669 pro·

202 3673 360 3740 sessionem
380 3671 464 3733 vobis
487 3669 613 3751 profert,
633 3689 723 3751 quam
739 3667 878 3729 Civitatis
895 3669 981 3730 adita
999 3667 1111 3731 tabulas
1128 3667 1173 3729 suu

203 3774 263 3840 pra
284 3750 368 3814 feeit.
388 3752 450 3824 Qui
471 3748 633 3833 longissime
653 3747 789 3829 gentium
809 3747 929 3824 absunt,
950 3747 1083 3822 Archia,
1104 3765 1172 3832 curn

203 3833 344 3899 Civitas.
358 3830 513 3907 censetur,
537 3829 661 3892 etiamsi
690 3828 836 3968 grammis
865 3831 991 3913 negotiis
1019 3839 1173 3902 occupati,

281 3954 285 3961 -
759 3927 775 3988 3
1008 3920 1127 3976 ornnem
