3000 4559
214 500 222 511 ,
319 454 376 515 168
536 452 790 514 BARTHOL.
819 451 985 510 RlCCll
1070 469 1075 477 ·

270 554 340 601 vero
361 553 438 596 nunc
459 528 575 606 saltem,
597 553 663 594 cum
684 531 743 592 haec
764 552 782 591 a
804 550 851 592 me
873 530 971 593 audis.
990 522 1123 591 Tametfi
1144 549 1232 591 recem

271 616 370 678 sentur
390 628 522 674 tantum.
544 614 615 673 Non
636 611 731 686 enim,
752 625 785 672 ut
805 630 848 671 res
865 611 954 689 digna
974 609 1033 683 est,
1054 609 1172 749 pravius
1186 630 1229 670 ex·

269 697 412 836 plicatur.
435 691 513 753 Cum
535 691 612 766 haec,
632 693 772 773 inquam,
793 712 812 751 a
831 711 877 752 me
899 687 1034 751 recenseri

1068 706 1145 750 entis
1190 709 1230 750 ni·

293 776 314 835 il
336 789 365 834 te
386 769 492 853 pudet?
515 771 589 832 nihil
611 768 824 833 commoveris?
845 768 919 831 nihil
940 767 1101 830 erubescis?
1122 732 1229 832 Peidita

269 874 315 916 res
331 851 388 927 est,
408 850 533 915 Parem
550 850 632 911 Viri.
655 852 799 917 Frontem
814 850 864 912 isle
879 846 1048 930 perfricuit,
1070 847 1168 910 nullus
1183 869 1231 930 pu·

270 933 349 1006 dor,
379 931 461 993 nulla
481 931 680 1007 verecundia,
709 929 791 992 nulla
812 931 842 990 in
863 929 950 991 vultu
971 928 1041 990 boni
1063 924 1134 990 Viri
1153 928 1183 990 sit
1199 928 1227 989 fi-

268 1011 438 1094 gnificatio.
460 1009 501 1071 Et
523 1010 601 1086 haec,
622 1012 674 1102 qui
696 1010 808 1093 potest,
829 1010 849 1070 si
866 1006 1027 1082 resciverit,
1049 1029 1112 1070 non
1130 1025 1158 1071 te
1171 1028 1229 1071 coti-

270 1094 357 1154 tinuo
377 1091 407 1151 in
428 1088 578 1179 pistrinum
600 1090 719 1172 aliquod
739 1091 846 1160 conjici
875 1085 1013 1160 jubebit?
1042 1108 1135 1169 eaque
1154 1087 1230 1168 lege,

270 1187 359 1252 atque
379 1189 500 1246 omine,
520 1187 568 1246 ut,
588 1170 608 1232 li
628 1188 657 1233 te
666 1171 734 1232 inde
754 1170 910 1245 exemerit,
930 1189 986 1248 ego
1002 1187 1055 1250 pro
1075 1166 1232 1242 revolem,

248 1271 303 1316 ,ιιι
325 1244 427 1310 lubens
448 1248 578 1311 molam?
599 1252 641 1312 At
657 1251 732 1312 mihi
750 1251 806 1312 hoc
824 1249 890 1311 loco
907 1248 1064 1323 succurrit,
1086 1246 1151 1308 Viri
1167 1247 1232 1308 Prae·

268 1329 353 1404 serii,
373 1327 464 1390 bellus
484 1327 536 1390 ille
555 1329 650 1411 lEsopi
671 1331 791 1404 asinus,
812 1330 864 1410 qui
882 1349 948 1390 cum
971 1327 1083 1390 videret
1100 1326 1229 1389 catellum

270 1429 338 1472 cum
361 1408 431 1469 hera
452 1406 629 1493 sua,.quem
652 1411 704 1472 illa
719 1411 751 1472 in
769 1409 876 1472 delitiis
894 1406 1037 1483 habebat,
1056 1407 1174 1482 ludere,
1192 1423 1231 1468 at-

268 1509 326 1571 que
347 1487 378 1549 in
399 1487 458 1558 ejus
479 1492 592 1569 gremio
615 1490 799 1569 subsultare,
821 1489 974 1570 morsuque
997 1487 1057 1548 leni
1079 1487 1141 1557 eius
1161 1486 1230 1568 digi-

267 1585 332 1631 tum
354 1583 505 1649 appetere,
525 1569 555 1632 ἃ
576 1570 691 1632 delitias
712 1589 814 1631 omnes
836 1565 949 1643 facere,
973 1566 1032 1648 ipse
1053 1586 1172 1649 quoque
1189 1587 1229 1629 ru·

269 1647 340 1710 dens
360 1647 397 1709 ad
417 1668 481 1709 eam
503 1651 643 1726 accurrit,
666 1671 698 1712 ac
717 1648 838 1790 pedibus
860 1647 1053 1710 anterioribus
1071 1647 1228 1720 immodeste

269 1727 389 1803 ludens,
411 1747 476 1789 eam
496 1729 533 1790 ad
555 1745 659 1792 terram
684 1731 715 1790 in
728 1729 855 1792 olentius
877 1728 1001 1789 stravit.
1030 1728 1103 1802 Quo
1124 1747 1180 1788 ιιιιο
1195 1723 1229 1787 fa·

266 1806 315 1868 sio
335 1805 491 1868 familiares
511 1826 712 1884 accurrerunt,
732 1828 858 1889 eumque
880 1805 1044 1870 verberibus
1088 1807 1184 1868 lenum
1198 1805 1224 1867 ιυ
1264 1867 1268 1872 .

266 1885 410 1947 stabulum
427 1886 621 1966 intruserunt.
643 1889 691 1951 lta
716 1887 765 1949 isle
785 1888 878 1949 noller
893 1886 979 1963 fecit,
998 1906 1039 1968 qu
1071 1964 1073 1967 Ι
1097 1907 1150 1948 nos
1184 1907 1227 1948 uo

267 1985 325 2047 que
345 1983 450 2044 poma.
474 1967 555 2027 Nam
577 1989 644 2030 cum
666 1969 778 2030 vidisset
800 1967 962 2048 Epistolam
983 1986 1082 2028 meam
1103 1965 1139 2026 ab
1158 1908 1226 2026 sieri

266 2065 351 2120 mea,
372 2064 437 2126 quae
453 2045 513 2115 eius
530 2047 644 2109 summa
660 2048 698 2108 est
713 2067 781 2108 cuni
799 2047 981 2122 humanitas,
1003 2063 1068 2108 tum
1085 2046 1173 2108 etiam
1187 2047 1222 2116 ju

267 2122 377 2185 dicium
401 2117 559 2206 singulare,
580 2129 638 2208 legi
659 2127 779 2206 cupide,
801 2144 888 2208 atque
904 2126 1017 2197 laudari
1035 2125 1151 2200 sedulo,
1170 2143 1223 2187 tari-

269 2219 300 2265 ta
320 2203 434 2265 invidia
455 2205 575 2280 exarsit,
599 2225 632 2268 ut
654 2206 733 2282 suam
755 2208 779 2268 is
822 2227 859 2268 uo
883 2227 917 2268 ue
938 2206 1064 2286 turpiter
1085 2205 1222 2271 rudentem

269 2284 306 2345 ad
327 2305 391 2346 eam
414 2288 589 2366 compulerit
609 2227 864 2367 Epistolam.(ied
905 2307 954 2348 era
973 2285 1129 2366 prudenter
1148 2283 1223 2346 lecit.

267 2365 350 2426 Nam
373 2379 435 2426 rata
455 2365 530 2426 nihil
552 2366 588 2427 ab
610 2368 688 2443 isto,
710 2367 763 2428 nist
783 2366 947 2439 insulsum,
967 2367 1129 2446 ineptum,
1151 2363 1224 2426 sordi·

269 2442 341 2506 dum
363 2445 439 2507 exire
459 2444 558 2524 polle,
582 2462 615 2508 ut
635 2466 700 2517 eam
721 2447 863 2528 signatam
885 2447 1019 2527 accepit,
1049 2447 1094 2507 ita
1123 2445 1223 2506 cuidam

272 2526 351 2604 quast
373 2523 543 2587 servandam
564 2526 672 2602 dedit,
701 2546 795 2608 neque
814 2525 910 2606 postea
930 2527 1090 2609 quicquam
1111 2525 1145 2586 de
1165 2525 1221 2584 illo.

273 2605 328 2664 Sed
357 2605 416 2676 jam
440 2602 602 2684 Epistolam
631 2608 722 2688 ipsam
744 2607 972 2687 aggrediamur,
1002 2605 1086 2676 cujus
1114 2604 1165 2666 hoc
1188 2602 1220 2664 ell

271 2700 411 2744 initium.

300 2841 456 2931 ‘Luculenti
474 2836 557 2904 *imam
571 2837 726 2923 eujusdam
754 2838 903 2927 'Epistulam
931 2848 971 2907 ad
998 2847 1143 2908 Herculem
1170 2849 1223 2902 Are·

267 2918 352 2998 strum
374 2925 504 3000 Ferraria
524 2924 683 3006 Principem
711 2949 774 3000 eum
802 2945 885 2997 nuper
911 2929 997 3006 legere
1015 2926 1174 3006 coeptffemr
1196 2924 1221 2982 ‘l'

270 3001 331 3078 ejus
345 3003 437 3079 from
456 3004 582 3083 Epistole
601 3028 651 3064 me
665 3005 793 3085 hestraffe
809 3000 923 3084 scirem,
943 3008 1014 3068 dum
1033 3005 1166 3084 Aristium
1182 3027 1221 3064 vo·

271 3102 327 3142 cem
345 3081 460 3142 auribus
478 3085 545 3144 meis
564 3085 722 3146 inauditam
743 3088 875 3166 legerem.

310 3239 398 3316 Quod
434 3242 670 3322 luculentiffimam
700 3266 795 3307 meam
832 3246 959 3326 appelles
987 3240 1166 3326 Epistulam,
1197 3258 1224 3304 tu

269 3335 351 3383 tuam
374 3320 489 3382 laudem
512 3322 565 3384 tibi
589 3324 719 3399 habeto,
749 3347 805 3405 ego
824 3326 900 3387 nihil
920 3347 989 3387 curo
1010 3325 1125 3388 laudati
1149 3323 1181 3385 ab
1197 3322 1224 3381 il-

267 3399 463 3461 laudatiffimo
485 3403 630 3478 homine,
656 3404 857 3487 nebuloneque
877 3405 1119 3486 imperitissimo,
1146 3402 1225 3464 malo

270 3498 345 3559 que,
368 3474 428 3556 [υι
449 3479 567 3544 inferius
589 3481 684 3566 sacis]
706 3484 757 3545 abs
781 3501 808 3545 te
831 3487 1008 3561 contemni,
1029 3503 1064 3547 ut
1087 3485 1138 3567 qui
1163 3481 1223 3543 nihil

266 3556 342 3619 reue
365 3574 415 3618 aut
436 3560 550 3636 laudes,
570 3579 621 3638 aut
642 3567 731 3625 etiam
752 3564 929 3626 laudandum
950 3563 1055 3627 facias.
1080 3569 1124 3627 At
1147 3560 1226 3640 cujus·

268 3637 335 3697 dam
355 3637 503 3716 Epistulam
523 3642 581 3702 ais.
604 3643 700 3705 Bellus
716 3645 773 3703 mei
796 3645 903 3705 scilicet
925 3646 1055 3707 nominis
1077 3643 1224 3706 dissimula-

267 3731 316 3781 tor
338 3735 385 3790 es,
406 3719 457 3797 qui
479 3718 508 3778 id
529 3736 587 3781 non
609 3723 714 3784 videris
736 3724 768 3782 in
789 3723 850 3802 ipsa
870 3725 1000 3803 Epistola
1029 3725 1078 3788 vel
1100 3722 1224 3806 grandio-

268 3795 347 3883 ribus
367 3797 456 3858 literis
475 3798 636 3879 scriptum?
657 3805 700 3865 At
719 3823 774 3885 ego
795 3803 823 3863 id
847 3803 901 3866 tibi
919 3804 1042 3885 planum
1065 3799 1221 3878 faciam'r

1150 3898 1192 3944 ta·
