3000 4559
481 476 556 539 0ss
574 479 604 541 A
617 480 655 539 ΙΤ
674 479 693 538 Ι
708 479 736 539 0
758 478 792 538 Ν
808 478 834 539 Ε
855 480 891 538 5.

199 556 398 621 ‚nterfettum
424 556 477 620 esse
492 558 623 640 oportuit
640 601 649 633 ,
672 558 791 641 quando
806 577 874 619 eum
890 556 927 619 ab
941 557 1057 621 ineunte
1072 558 1168 621 adole·

213 638 324 701 scentia
339 638 390 701 sua
411 637 443 699 in
465 636 630 700 hominibus
648 637 853 701 interficiendis
868 636 1012 699 uersatum
1033 637 1085 699 esse
1098 652 1169 701 ton·

213 714 290 779 siat?
310 718 362 800 qui
381 718 490 781 multos
506 717 599 793 serto,
619 717 715 797 plures
736 717 825 779 etiam
849 737 961 778 veneno
982 733 1033 778 aut
1050 716 1106 806 ipse
1122 736 1170 779 ne

213 797 311 872 cavit,
331 813 383 861 aut
407 797 461 859 suis
485 798 629 861 necandos
655 796 802 859 tradidit?
824 816 916 878 nuper
940 812 1040 859 autem
1065 815 1095 857 m
1118 796 1170 858 via

212 876 314 957 Appia
322 877 469 959 Papirium
486 879 616 961 equitem
630 875 860 952 ornatiffimum,
872 876 973 937 multis
990 873 1172 951 videntibus,

210 955 367 1019 crudeliter
381 956 542 1020 interfecit?
559 960 658 1034 Quare
673 957 693 1019 si
709 957 853 1031 latrones,
870 977 903 1019 ac
920 954 1101 1036 publicarum
1111 954 1174 1017 via·

211 1054 280 1098 rum
295 1036 443 1101 obsessores
460 1039 543 1100 nullo
559 1039 646 1119 Legis
662 1036 790 1119 periculo
805 1037 854 1100 vel
868 1035 981 1119 palam,
1004 1035 1051 1099 vel
1076 1054 1111 1095 ex
1128 1033 1171 1094 in·

212 1114 290 1177 fidiia
314 1116 438 1180 interfici
460 1116 546 1192 sicet,
566 1133 678 1200 quanto
702 1118 795 1200 magis
821 1137 888 1193 eoo,
906 1117 958 1200 qui
981 1116 1013 1177 in
1038 1114 1172 1177 Civitate

208 1195 399 1277 grassantur?
427 1197 480 1280 qui
503 1195 566 1259 sora
587 1197 712 1260 obsident
731 1197 741 1259 ?
762 1197 815 1280 qui
838 1197 903 1259 loca
924 1197 1000 1258 sacra
1022 1188 1172 1277 stuprarit?

234 1276 264 1336 ui
280 1275 407 1358 Templa
423 1276 626 1339 inflammant?
643 1279 695 1359 qui
704 1277 848 1339 bonorum
864 1276 1003 1351 caedibus,
1018 1295 1052 1337 ac
1066 1292 1171 1337 eorum

208 1295 350 1433 sanguine
366 1354 534 1418 insolentius
545 1357 822 1439 exultant,quoquo
829 1356 936 1429 modo,
952 1374 1066 1437 quaque
1084 1353 1172 1415 ratio·

210 1454 251 1494 ne
267 1436 301 1495 de
316 1435 413 1497 medio
428 1436 495 1496 tolli
512 1436 625 1498 licebit?
644 1453 676 1499 ut
694 1437 822 1517 undique
838 1433 1088 1497 adversariinostri
1103 1451 1173 1494 con·

216 1512 291 1575 vitri
316 1513 389 1589 sint,
408 1514 438 1576 Ρ.
453 1508 594 1578 clodium
616 1515 774 1597 aequissime
797 1515 899 1578 caesum
923 1514 991 1587 esse,
1012 1525 1045 1574 ut
1065 1508 1175 1573 fatean-

216 1607 283 1653 tur:
304 1594 448 1675 primum,
468 1610 500 1657 ut
522 1597 573 1677 qui
600 1596 740 1659 nefariam
766 1595 871 1657 caedem
895 1594 997 1655 multis
1021 1590 1175 1661 intulerit3

214 1692 296 1734 nunc
320 1692 404 1750 vero,
426 1694 492 1737 cum
509 1674 639 1737 eamdem
656 1676 768 1738 Miloni
784 1674 887 1737 inferre
902 1688 1070 1745 conaretur,
1090 1668 1178 1731 casua

201 1751 268 1823 ¹fit:
288 1751 391 1815 deinde
414 1771 464 1831 ut,
483 1756 535 1839 qui
560 1758 623 1837 post
640 1756 772 1819 homines
787 1772 871 1819 natos
889 1774 963 1815 unus
980 1752 1080 1814 omnia
1095 1750 1127 1811 in
1143 1767 1175 1810 o·

211 1850 284 1893 mne
300 1852 390 1914 genus
406 1832 576 1910 hominum,
593 1853 681 1919 atque
695 1837 727 1898 in
743 1836 820 1897 Deos
837 1835 912 1917 ipsos
929 1833 1031 1896 scelera
1046 1846 1177 1893 exercue-

215 1911 272 1986 rit,
292 1932 327 1974 ac
343 1913 445 1995 Remo
462 1936 578 1998 quacun
600 1936 634 1978 ue
652 1917 837 1979 immanitate
855 1933 959 1979 vexare
975 1933 1026 1994 pro
1043 1912 1107 1983 joco
1124 1909 1177 1971 ba·

217 1988 328 2054 buerit,
350 1992 517 2070 Hasienus,
539 1936 668 2071 Jusioes,
690 2016 752 2072 me,
775 1996 855 2077 quod
872 1995 909 2056 ad
926 1996 1033 2075 Legem
1051 1991 1177 2061 attinet,

212 2070 340 2134 arbitror
353 2074 452 2136 caussa
468 2094 539 2135 meae
555 2070 729 2150 satisfecisse,
750 2074 919 2137 adversariis
935 2074 1025 2133 etiam
1040 2070 1138 2149 super.

216 2227 222 2239 ι
255 2150 321 2223 Jam
345 2170 417 2214 vero
441 2154 476 2215 ad
498 2155 619 2216 alteram
641 2156 879 2228 accusationem,
908 2172 971 2234 quae
1000 2153 1035 2216 de
1056 2151 1180 2211 Senatus

210 2230 320 2303 Judicio
335 2233 391 2307 est,
412 2234 579 2294 veniamus.
600 2233 761 2307 mancini,
781 2230 1025 2306 ludices,caedem
1041 2230 1181 2288 Senatum

214 2309 347 2380 iudicasse
366 2326 469 2372 eontra
482 2313 586 2391 Remp.
601 2311 708 2373 fassam
724 2312 795 2385 esse,
813 2312 939 2372 clamare
955 2327 1015 2371 non
1031 2304 1182 2377 desinunt,

214 2407 308 2469 atque
330 2388 361 2450 in
381 2408 416 2450 eo
438 2390 517 2471 quasi
536 2390 620 2451 vobis
664 2390 810 2461 raejudicio
836 2406 975 2470 magnam
1003 2383 1093 2446 nostri
1113 2403 1182 2445 eon·

217 2468 376 2530 demnandi
399 2469 477 2550 spem
499 2468 620 2550 pofitam
640 2410 772 2533 babent«
791 2469 878 2531 Hanc
898 2486 988 2550 quam
1008 2463 1111 2526 frustra
1131 2464 1183 2525 ha-

218 2546 332 2623 beant,
361 2570 438 2611 nunc
458 2549 578 2631 probare
598 2550 751 2633 aggrediar
766 2589 780 2610 .-
802 2549 915 2612 Contra
944 2548 1048 2627 Remo
1069 2541 1184 2637 aliquid

216 2626 297 2706 sieri,
317 2628 450 2705 Judices,
470 2651 526 2712 ego
545 2631 588 2692 ita
609 2633 811 2713 interpretor,
838 2649 906 2692 cum
927 2643 978 2690 aut
998 2641 1183 2716 contractus

217 2707 419 2784 voluntatem,
439 2716 498 2771 aut'
545 2728 611 2774 atet
629 2711 822 2793 dignitatem,
843 2726 895 2772 aut
909 2728 976 2770 cum
997 2708 1056 2779 ejus
1079 2705 1184 2787 atiquo

216 2786 325 2848 damno
345 2787 401 2850 sit.
431 2730 639 2866 Quorsxautem
660 2791 696 2853 ad
716 2792 928 2865 voluntatem,
957 2788 1017 2850 haec
1036 2786 1181 2849 continuo

216 2866 772 2954 nullamcaussamhabet,quamobrem
782 2871 922 2932 Clodium
932 2884 1084 2930 mortuum
1092 2865 1184 2953 nolit,

217 2946 327 3006 omnia
346 2962 463 3022 autem,
483 2969 534 3011 cur
552 2967 659 3031 optet:
681 2951 798 3033 quando
820 2951 879 3011 haec
901 2948 1041 3019 majorem
1061 2945 1181 3005 calami-

220 3040 315 3089 tatem
325 3023 609 3103 aPoenisomnibus,
629 3048 718 3111 quam
727 3029 763 3092 ab
772 3050 831 3092 uno
839 3029 947 3090 Clodio
963 3025 1022 3163 hut
1032 3069 1045 3098 ,.
1062 3038 1127 3103 qua
1142 3019 1185 3081 ab

217 3103 321 3167 eodem
343 3103 518 3187 iniquissima
534 3108 611 3196 passa
630 3110 688 3183 esi,
707 3111 846 3171 omittam
859 3109 875 3188 }
889 3125 962 3195 expe
992 3123 1040 3164 are
1055 3120 1115 3162 non

217 3200 312 3247 terat.
333 3184 415 3245 Nam
438 3203 504 3245 cum
526 3186 549 3247 it
569 3201 674 3247 natura
693 3187 760 3249 huic
777 3186 906 3266 irnperio
928 3178 1105 3244 infensissimi

217 3262 274 3325 sies
294 3264 495 3339 nascerentur,
517 3264 596 3355 quasi
617 3264 678 3336 iure
697 3267 829 3355 optimo,
850 3264 910 3326 utri
926 3275 1094 3341 regnarent,
1114 3278 1184 3321 con·

211 3342 352 3406 tendere.
372 3347 472 3421 Quare
493 3362 583 3406 enam
604 3345 637 3406 in
657 3343 780 3420 Africa,
801 3344 833 3405 in
854 3341 1024 3432 Hispania,
1041 3341 1072 3401 in
1093 3339 1184 3403 Italia

218 3444 265 3487 res
285 3424 394 3487 nostras
414 3425 484 3506 sape
506 3422 658 3487 afflixere.
688 3424 746 3486 Hic
777 3444 847 3485 vero
869 3423 952 3493 butus
974 3421 1057 3503 Reip.
1079 3420 1184 3494 Civis,

220 3522 276 3585 pro
296 3505 377 3575 cuius
396 3503 529 3567 libertate
551 3525 601 3586 per
624 3524 726 3567 omnes
743 3504 885 3569 eruciatus
908 3518 1029 3564 mortem
1046 3517 1185 3584 oppetere

216 3583 357 3661 debebat,
377 3600 500 3660 contra,
523 3585 598 3648 hanc
620 3600 652 3647 ut
675 3585 720 3645 illi
742 3585 783 3646 eri
821 3598 887 3659 ret,
916 3603 966 3664 per
986 3603 1071 3644 omne
1093 3582 1186 3644 scelus

219 3663 349 3725 maxime
370 3664 531 3736 nitebatu13
552 3686 588 3728 ne
610 3686 646 3728 ue
666 3666 788 3747 songea
823 3663 859 3725 sse
875 3680 1006 3745 poterat,
1027 3664 1102 3747 quin
1116 3677 1183 3722 eam

219 3762 342 3805 omnem
363 3744 575 3809 intervertisset.
629 3764 663 3808 uc
685 3743 819 3817 accedit,
846 3743 924 3825 quod
946 3746 1052 3806 Poenus
1073 3741 1182 3817 semper

220 3838 307 3887 extra
327 3819 434 3889 Urbem
455 3823 563 3891 beilum
583 3824 684 3908 gebim
702 3824 752 3891 iiic
774 3842 842 3891 vero
862 3823 895 3891 in
915 3823 1011 3902 Urbe,
1029 3838 1117 3900 atque
1133 3812 1182 3875 ad-

1108 3912 1143 3955 eo
1183 3930 1186 3939 ·
