3000 4559
1115 462 1179 542 κός·

390 605 447 718 D
495 605 542 716 E
591 604 635 712 F
685 603 732 714 E
776 604 828 714 N
875 604 1075 719 sto

287 829 870 916 Bouruotomm't
918 823 1184 918 tttcett

248 1002 1140 1098 rcmmmmmmwmm

429 1183 618 1263 ‘Uamquatn
640 1200 658 1242 a
678 1178 777 1253 nobit,
790 1196 821 1242 at
843 1201 878 1242 ue
899 1179 1004 1243 adeoa
1025 1179 1126 1259 vobit,
1143 1183 1222 1248 Prae·

261 1208 320 1228 „2-
337 1208 401 1246 Ἦ,
418 1208 427 1222 ..

259 1200 1221 1352 5·Wfflmmmfflowmm

409 1352 421 1412 ὃ
459 1342 533 1415 dum
561 1340 646 1402 istum
669 1341 700 1402 in
732 1339 861 1402 medium
888 1338 1099 1403 extrahendum
1118 1342 1218 1406 visum

260 1436 291 1502 t„
399 1440 405 1445 ·
429 1422 431 1483 i
459 1421 499 1485 est
519 1418 609 1482 facere
630 1466 639 1496 ,
668 1421 733 1502 cogi
755 1437 853 1483 tamen
874 1440 934 1483 non
954 1419 1052 1500 potuit
1068 1464 1078 1495 ‚
1096 1437 1133 1494 ¹ut
1153 1439 1221 1504 quae

260 1503 311 1535 ⁴*
332 1510 366 1535 -’
415 1498 431 1528 “
458 1502 489 1562 in
521 1520 569 1561 me
597 1490 730 1576 scrisit,
761 1513 802 1562 ur
815 1520 870 1583 ego
885 1499 970 1561 illum
1000 1519 1065 1561 mea
1085 1499 1218 1581 Epistola

249 1599 457 1660 provocaram,
477 1580 508 1643 δι
531 1600 583 1642 vos
606 1520 699 1642 vedio
721 1579 836 1642 decrero
857 1577 1020 1653 jusseratis,
1040 1579 1073 1639 iu
1090 1579 1216 1662 vulgum

249 1658 342 1720 ederet
362 1681 371 1729 3
392 1658 439 1722 sed
460 1660 488 1722 ei
512 1659 626 1734 rationi
642 1661 787 1740 putavit,
808 1660 918 1737 credo,
947 1676 980 1720 ut
1001 1657 1103 1739 pusilio
1123 1661 1215 1722 etiam

251 1738 376 1819 sumptui
407 1757 533 1820 parceret
563 1737 634 1818 [est
654 1739 733 1800 enim
755 1738 893 1803 Plautino
914 1738 1057 1801 Euclioue
1077 1739 1212 1824 aridior]

250 1815 274 1880 se
295 1816 505 1884 satisfacturum
527 1863 537 1895 ‚
565 1818 639 1884 srea
659 1818 766 1900 scripta
793 1819 829 1882 ad
851 1840 899 1881 me
928 1835 1044 1883 tantum
1074 1819 1217 1896 mistim,

252 1896 348 1980 itaque
368 1889 454 1974 facit.
485 1901 542 1962 Sua
563 1919 654 1962 manu
674 1919 708 1961 ea
729 1900 766 1961 ad
788 1914 835 1960 me
855 1898 997 1980 descripta
1018 1898 1120 1973 misit,
1149 1899 1215 1982 qui·

253 1975 301 2039 bus
322 1997 377 2118 efo
399 1979 487 2041 hodie
509 1978 585 2057 apud
607 1999 661 2040 vos
678 1979 853 2059 respondeo.
874 1979 1003 2041 Tametsi
1020 1967 1076 2040 hoc
1097 1998 1156 2041 uno
1173 1979 1216 2039 ia·

254 2055 317 2118 bore
349 2058 422 2120 acile
444 2055 619 2138 supersedere
639 2072 788 2137 poteram.
810 2060 891 2118 Nom
913 2057 1021 2138 inquo
1041 2056 1144 2119 Sardus
1162 2057 1215 2119 iste

255 2137 457 2212 mercensem,
479 2137 499 2197 st
522 2135 619 2197 dedita
639 2155 726 2215 opera
745 2137 954 2216 contendisset,
975 2150 1009 2198 ur
1030 2136 1078 2196 vel
1105 2134 1217 2196 medio·

255 2217 334 2278 criter
354 2213 477 2279 literatis
499 2210 582 2274 Viris
605 2213 633 2275 se
654 2214 810 2275 ridiculum
831 2213 885 2280 esse
940 2210 1106 2292 inprobaret
1127 2257 1136 2289 ‚
1156 2213 1218 2275 ine·

253 2297 328 2373 ptius
350 2294 473 2356 delirare
495 2291 688 2374 nequivisset.
714 2294 796 2354 Nam
817 2291 897 2381 quod
920 2313 938 2352 a
989 2291 1123 2371 entenriae
1145 2311 1217 2355 mero

251 2377 394 2438 rationem
424 2372 561 2445 attinet,
589 2388 713 2449 rovere,
742 2386 880 2452 putetis,
907 2371 1066 2454 quicquum
1096 2369 1132 2435 ab
1160 2370 1216 2433 isso

252 2470 308 2514 uon
332 2452 439 2527 modo,
457 2444 535 2535 quod
555 2451 613 2523 ejus
634 2444 727 2531 pilum
748 2449 916 2526 labefaciet,
938 2451 983 2513 sed
1005 2450 1084 2533 quod
1099 2449 1135 2513 ad
1152 2471 1215 2519 rem

251 2534 340 2594 eriam
363 2523 476 2608 faciat,
504 2531 561 2592 dici
581 2531 705 2606 omnino
723 2552 731 2604 ;
763 2547 795 2593 ut
815 2552 882 2600 cum
904 2552 920 2592 e
940 2553 959 2594 o
980 2531 1067 2594 istum
1089 2531 1214 2608 vicero,

249 2613 326 2751 guod
348 2606 429 2674 nullo
450 2612 563 2694 prorsus
585 2609 690 2674 faciam
711 2609 857 2693 negotio,
878 2553 975 2675 mrito
991 2611 1057 2693 plus
1078 2612 1154 2674 mihi
1170 2612 1215 2674 in·

270 2692 428 2774 ignitatis,
450 2712 539 2774 quarn
564 2685 684 2768 laudis,
704 2692 738 2754 fir
757 2691 825 2755 inde
847 2693 1037 2757 accessurum.
1065 2694 1132 2768 Qua
1155 2709 1215 2756 una

252 2787 366 2853 quoque
383 2774 493 2834 rarione
509 2788 607 2834 utrum
624 2773 656 2833 in
673 2771 727 2834 hoc
748 2771 875 2835 vestrum
897 2772 1124 2838 honestissimum
1141 2770 1215 2834 cot·

250 2845 360 2931 legium
385 2851 463 2911 istius
483 2843 564 2914 Sardi
588 2850 705 2927 sordes,
734 2868 823 2932 atque
844 2851 993 2916 fatuitates
1013 2852 1184 2914 adducerem
1205 2894 1220 2926 ,

249 2922 296 2994 diu
329 2928 515 3010 multumque
538 2929 687 2992 dubitavi.
716 2930 771 2991 Sed
791 2951 859 2993 cum
880 2952 1067 3011 communem
1088 2931 1213 2991 caussam

248 3025 313 3073 tum
336 3006 390 3071 hac
413 3029 478 3069 mea
499 3009 626 3069 maxime
647 3008 831 3078 conjunctam
852 3011 906 3072 esse
925 3010 1071 3083 viderem,
1088 3008 1133 3068 illi
1150 3026 1214 3068 rna·

248 3090 318 3167 gis,
349 3109 439 3169 quam
463 3107 552 3162 meae‚
581 3086 816 3163 consulendum,
838 3105 868 3150 at
890 3105 925 3149 ue
948 3088 1027 3149 istius
1049 3085 1213 3149 insolentie

248 3170 455 3234 occurrendum
486 3168 538 3230 eise
558 3166 656 3246 duxi;
683 3186 720 3227 ne
749 3167 799 3227 iste
819 3169 879 3248 post
902 3187 935 3227 ac
979 3165 1091 3228 uotidie
1118 3163 1213 3227 doctis

248 3234 331 3315 Viris
353 3249 505 3329 negotium
526 3238 679 3320 facesseret.
702 3245 812 3309 Scitote
832 3247 910 3309 enim
931 3291 941 3320 ‚
994 3243 1097 3308 raefecti
1118 3243 1212 3322 Viri,

248 3318 404 3411 Harpyam
425 3327 509 3390 istam
533 3324 667 3388 omnibus
690 3325 721 3385 in
744 3325 825 3401 viis,
844 3326 979 3389 omnibus
1000 3326 1032 3386 in
1051 3323 1213 3414 Templis,

248 3420 278 3470 tn
301 3407 437 3471 omnibus
459 3405 643 3489 porticibus,
672 3405 704 3466 in
727 3421 792 3468 toto
813 3403 907 3481 foro,
936 3426 1045 3481 mone,
1066 3403 1215 3482 merrdie,

248 3488 363 3570 vesperi
385 3487 485 3549 dusios
508 3478 598 3548 Viros
620 3486 756 3575 aucupari
775 3528 784 3559 ,
803 3505 875 3566 quos
896 3487 1036 3549 continuo
1056 3484 1214 3565 deprehen·

248 3560 291 3630 sos
319 3567 375 3628 suis
398 3564 525 3628 ssulririae
547 3566 600 3627 suae
622 3564 715 3645 plenis
738 3565 963 3640 voluminibus,
991 3562 1213 3647 quotumfasci·

248 3649 349 3712 :utum
383 3645 492 3724 semper
522 3638 608 3707 habet
639 3643 689 3705 sub
710 3644 789 3720 alis,
819 3665 865 3706 eas
889 3645 961 3725 ipsos
991 3645 1063 3708 bene
1082 3643 1211 3706 redolen-
1298 3650 1304 3684 ¹

248 3736 313 3789 tem
334 3771 343 3800 ,
365 3724 480 3805 jugulat
499 3770 507 3800 ,
527 3718 668 3797 conficit,
690 3738 816 3799 enecat,
838 3724 943 3807 quibus
963 3743 1015 3788 aut
1035 3745 1137 3797 nunc,
1159 3731 1212 3781 aut

248 3821 413 3890 tumquam
437 3803 508 3868 alias
531 3801 612 3867 vobis
640 3804 768 3868 maxime
788 3805 1001 3947 prlovidendum
1020 3802 1090 3866 suit.
1115 3797 1212 3886 ¹stobe

872 3902 889 3967 3
1091 3893 1170 3940 emm
