3000 4559
373 466 416 547 98
596 468 854 537 BARTHOL.
882 470 1049 531 retecti

343 546 402 611 suis
423 549 501 612 hunc
522 548 606 615 unice
628 549 843 625 extollendum,
865 570 974 632 proque
990 545 1050 620 eius
1067 547 1195 625 honore,
1216 563 1250 612 ut
1262 547 1306 612 vi·

347 644 411 690 tarn
434 629 525 710 ipsam
548 629 751 710 profundant,
776 630 898 710 imperet
915 652 924 702 ;
944 629 1030 710 idque
1052 650 1101 690 eos
1119 647 1182 691 tam
1196 629 1306 712 integre

344 712 492 790 praestare,
512 726 546 779 ut
565 731 616 790 pro
638 710 690 775 illo
708 712 861 773 turmatim
883 708 1104 772 incertissimam
1125 726 1252 770 mortem
1272 711 1308 773 ir-

341 807 430 852 ruant
450 837 459 852 .
480 791 546 851 Vos
567 811 636 855 vero
656 810 708 870 pro
729 792 849 866 vestro,
869 809 957 872 quem
978 810 1103 863 omnes,
1124 790 1179 871 qui
1198 790 1306 853 Divino

341 869 448 949 spiritu
475 886 599 937 ventura
627 869 837 951 predixerunt,
857 868 954 942 Jesum
975 870 1030 930 Dei
1052 870 1113 930 veri
1136 889 1238 931 verum
1259 870 1304 930 Fi·

347 949 424 1012 lium
444 951 540 1019 testati
563 949 644 1026 suut,
663 968 754 1031 quem
771 966 836 1013 tota
855 949 916 1020 ejus
936 949 1002 1010 vita
1020 947 1123 1011 divina
1137 948 1305 1026 confirmat,

341 1049 437 1111 quem,
458 1050 502 1091 res
528 1028 611 1110 supra
634 1046 755 1095 omnem
779 1047 914 1092 naturam
939 1028 1027 1089 abeo
1053 1050 1111 1089 uon
1129 1029 1216 1089 semel
1232 1049 1304 1111 repe·

345 1113 408 1173 titae
428 1109 645 1190 comprobent,
671 1109 817 1191 qui-poll
843 1107 989 1171 ascensum
1017 1107 1054 1168 ad
1081 1109 1201 1169 Patrem
1227 1107 1303 1181 suum

300 1188 303 1197 “
344 1190 441 1253 multo
461 1191 552 1252 etiem
575 1189 736 1259 majoram
759 1189 815 1251 suis
839 1189 966 1261 idiotis,
996 1205 1084 1267 atque
1114 1187 1222 1249 infimae
1241 1208 1303 1250 con·

343 1271 465 1333 ditionis
486 1269 654 1336 homiuibus
673 1267 762 1342 fecit,
784 1268 866 1343 Vos,
888 1270 1027 1350 inquam,
1048 1288 1100 1348 pro
1120 1267 1177 1330 hoc
1197 1269 1302 1337 nonio

345 1364 438 1413 unum
467 1350 649 1415 convenietis
670 1349 707 1411 ad
727 1348 787 1418 ejus
807 1348 919 1411 cultum
941 1346 1196 1423 conservandum,
1223 1365 1302 1431 atque

343 1428 505 1501 tuendum?
528 1449 588 1490 non
608 1449 660 1509 pro
680 1428 802 1493 illunou
815 1428 882 1489 dico
896 1426 1027 1488 fortunas
1044 1426 1167 1500 vestras,
1190 1430 1302 1509 Regae,

345 1510 467 1573 salutem
489 1509 581 1590 ipsam
602 1508 650 1572 vel
672 1509 762 1569 morti
783 1507 834 1587 ipsr
855 1512 914 1569 non
935 1504 1105 1576 objicietis?
1125 1508 1174 1569 cui
1194 1525 1303 1570 tantun

345 1589 475 1664 debetis,
497 1606 529 1650 ut
549 1606 619 1650 curn
641 1600 760 1652 omnem
781 1587 826 1649 illi
847 1588 972 1665 gratiam
989 1585 1165 1662 retuleritis,
1185 1608 1222 1649 ea
1241 1589 1302 1648 sen-

344 1691 396 1762 per
415 1686 514 1733 tamen
535 1667 613 1756 apud
632 1687 686 1731 vos
708 1667 768 1730 inte
791 1687 822 1727 ro
838 1667 873 1728 srt
895 1663 1098 1746 permansura?
1121 1687 1182 1731 non
1199 1666 1286 1734 velita

343 1768 466 1831 mquam
482 1792 494 1822 ,
513 1746 606 1819 odra,
634 1746 740 1817 uestras
762 1687 920 1809 smultates
942 1746 1084 1826 seponens
1102 1743 1114 1807 ἒ
1144 1708 1301 1809 ηοω-Μ

344 1826 469 1890 fraterne
488 1824 694 1899 convenietis,
724 1842 759 1888 ut
788 1826 876 1886 multi
896 1846 1018 1886 numero
1035 1845 1098 1887 :una
1117 1826 1180 1888 satis
1198 1826 1302 1889 semen·

345 1908 406 1980 tia,
428 1922 516 1986 etque
536 1902 658 1970 auimo?
681 1905 719 1967 ln
739 1904 844 1978 illum,
865 1905 897 1964 in
918 1905 1003 1969 illum
1024 1923 1169 2044 puanruro
1188 1922 1305 1988 ,vquaae

345 2003 411 2049 turn
440 1984 544 2047 veteris
575 1986 607 2049 in
629 1983 728 2047 vestris
749 1985 856 2049 animis
877 1982 976 2046 residet
1005 2006 1025 2049 ο
1045 1986 1095 2059 ii,
1131 1986 1299 2058 convertite,

346 2065 466 2129 vestras-
473 2064 619 2133 universas
639 2064 760 2133 injurias
780 2065 812 2125 in
833 2064 887 2126 isto
906 2085 966 2126 uno
986 2063 1129 2145 discerpto
1160 2064 1301 2134 ulciscimi-

346 2146 405 2209 ni.
434 2143 471 2204 ln
500 2145 553 2206 hac
582 2143 755 2206 sanslislima
784 2145 828 2206 ira
847 2144 996 2205 Christum
1016 2144 1111 2224 ipsum
1134 2145 1301 2219 imitamini,

369 2225 400 2287 ui
414 2223 508 2287 Patris
529 2222 571 2284 sui
591 2224 710 2304 Templi
728 2225 975 2286 contaminatores
992 2222 1061 2286 loris
1082 2225 1206 2301 inuasit,
1226 2242 1302 2314 atque

345 2243 416 2368 lllos
438 2324 473 2364 ex
493 2323 528 2364 eo
548 2303 708 2393 precipites
731 2304 920 2366 exturbavit.
949 2303 1012 2364 Vos
1036 2304 1078 2364 ita
1097 2305 1185 2365 isium
1207 2300 1302 2366 Chosli

347 2385 434 2467 ipsius
459 2383 621 2461 Religionis
642 2399 901 2463 contemptorem,
930 2398 1019 2464 etque
1049 2385 1210 2445 eversorem
1229 2380 1305 2446 omni·

348 2484 453 2548 genere
473 2479 621 2527 armorum
650 2463 735 2523 simul
756 2484 815 2523 una
835 2464 866 2523 in
887 2463 981 2544 ipsum
999 2461 1154 2524 Christum
1175 2464 1301 2526 Olet-illia·

348 2564 387 2605 ne
401 2543 595 2622 conspirantes
610 2540 646 2601 de
665 2543 787 2622 Regno,
800 2559 888 2623 atque
905 2542 941 2603 de
958 2543 1022 2604 vita
1041 2543 1174 2614 dejicite.
1198 2544 1300 2607 incun-

348 2621 409 2685 bite
431 2623 463 2687 in
495 2621 569 2686 hanc
597 2640 714 2701 quoque
730 2621 843 2682 ‚Christi
864 2623 953 2683 nollri
983 2621 1203 2699 desertionem,
1223 2639 1299 2704 atque
1339 2690 1342 2699 ¹

351 2702 384 2763 in
404 2718 471 2767 eam
489 2709 574 2763 tanto
593 2699 765 2774 ardentius,
795 2718 908 2780 quanto
928 2722 962 2763 ea
982 2703 1023 2764 est
1043 2704 1179 2766 omnibus
1196 2702 1303 2784 repar
1339 2728 1343 2737 ·

348 2781 407 2848 sine
421 2777 638 2859 compatratione
661 2780 880 2858 anteponenda.
909 2781 944 2841 In
974 2802 1034 2863 qua
1048 2804 1143 2867 neque
1159 2783 1219 2864 ipse
1234 2785 1300 2845 litte

348 2859 433 2921 vobis
447 2856 560 2931 deerit,¹
576 2856 758 2940 caussamque
778 2859 858 2920 suam
873 2860 1002 2923 deseret:
1022 2881 1082 2944 quo
1099 2883 1159 2926 uno
1180 2863 1297 2934 adjutore

349 2955 453 2999 ornnes
483 2935 694 3018 potentissimos
722 2934 886 3002 Pharaones
915 2941 980 3003 estis
1010 2940 1094 3004 facile
1133 2941 1297 3024 supereum·

349 3016 474 3100 Tuque,
496 3017 580 3079 Pater
601 3015 782 3094 sanctissime,
804 3014 930 3099 [tecum
952 3022 1031 3082 enirn
1052 3043 1130 3087 nunc
1151 3044 1233 3105 agou
1247 3017 1296 3082 ull
1341 3010 1343 3025 ι

351 3096 402 3160 ubi
423 3097 456 3158 sis
473 3095 709 3178 memorate,
727 3119 816 3180 quem
832 3099 910 3162 Deus
931 3102 969 3163 ad
989 3102 1064 3164 hanc
1085 3110 1200 3164 tantam
1217 3097 1297 3162 Etclt·
1339 3129 1343 3159 ε

350 3177 395 3239 fiae
414 3175 471 3242 suae
492 3176 618 3258 gloriam
636 3178 770 3258 proxime
789 3179 915 3260 delegit,
935 3201 968 3243 ac
988 3202 1077 3262 prope
1097 3183 1133 3243 de
1154 3183 1206 3246 suo
1224 3176 1298 3242 coto
1340 3186 1343 3242 ἱ

350 3256 464 3318 demisrr
483 3298 494 3330 ,
550 3276 562 3317 r
583 3254 699 3330 illum,
722 3258 755 3320 in
774 3279 836 3343 quo
855 3261 910 3321 Dei
931 3261 1016 3342 ipsius
1038 3260 1176 3323 Vitarius
1195 3282 1225 3324 es
1243 3274 1298 3322 con·

354 3335 503 3409 stitutus,
521 3354 633 3410 ocum,
653 3355 754 3417 rogo,
774 3355 864 3420 atquo
884 3360 962 3415 oro,
982 3357 1016 3404 ut
1038 3357 1121 3402 tuam
1144 3343 1205 3403 illis
1226 3339 1298 3402 sidem

351 3415 537 3494 interponas,
553 3433 642 3496 arque
661 3416 729 3478 illis>
741 3418 820 3499 quasr
839 3418 943 3481 obfidis
960 3419 1025 3483 loco
1044 3421 1110 3497 des,
1131 3423 1152 3482 sr
1170 3421 1235 3504 quis
1252 3416 1298 3479 sor·

353 3510 384 3556 te
407 3512 511 3572 parum
530 3491 606 3557 socio
627 3495 724 3571 fidat,
744 3516 982 3580 unumquemque
1003 3502 1035 3562 in
1056 3501 1113 3563 side
1132 3501 1185 3563 sua
1205 3502 1299 3579 integre

352 3571 596 3653 permansurum
617 3575 722 3660 potius
742 3578 906 3658 Regnum,
928 3596 1016 3661 atque
1036 3583 1133 3643 vitam
1155 3581 1246 3662 ipsam
1264 3577 1298 3637 de

353 3651 523 3727 sertorum,
554 3670 656 3736 quam
685 3676 748 3718 eam
774 3658 964 3737 integerrime
993 3681 1052 3724 non
1084 3662 1138 3722 effe
1171 3660 1298 3741 praeslaru

351 3750 453 3821 rum,
478 3751 572 3822 meque
600 3735 758 3816 quicquam
788 3738 819 3796 in
840 3737 987 3816 privatum
1017 3740 1238 3813 commodum,
1264 3731 1296 3796 stl

220 3804 455 4072 Ἱωῦιι
475 3829 507 3875 m
535 3831 723 3887 communem
735 3892 737 3896 Ι
749 3816 910 3878 utilitatem
929 3818 1106 3883 collaturum
1126 3866 1133 3881 .
1161 3820 1222 3959 Qpi
1243 3830 1297 3877 vert

1207 3914 1266 3960 ecus
