3000 4559
411 484 468 535 112
534 536 560 541 ,,
629 466 1073 530 annuntiemur!
1112 544 1115 550 Ι

350 549 521 626 ¹dentiam,
551 548 583 612 ἃ
603 549 789 612 altitudinem
809 550 1006 630 cognovissem
1028 546 1107 621 Fili,
1127 546 1244 628 inquit,
1261 547 1319 607 M)-

364 633 493 690 cedonum
523 627 572 689 hot
600 648 627 689 te
656 633 781 711 Regnum
800 651 852 688 non
873 630 976 708 capiet.
997 629 1050 688 Sed
1075 626 1162 687 redeo
1182 627 1219 687 ad
1240 627 1317 708 Regis

364 711 473 771 mortui
504 708 728 770 fortitudinem.
765 710 865 770 Nemo
887 706 976 769 nescit
1000 708 1089 768 etiam
1116 706 1241 768 aviculis
1262 706 1317 786 ipss

363 808 423 854 una
442 789 574 850 libertate
595 789 670 850 nihil
692 788 828 864 dulcius,
850 788 925 848 nihil
947 786 1100 851 amabilius
1121 806 1140 846 a
1161 801 1262 847 natura
1278 807 1315 861 ac·

364 868 458 930 cidere
482 870 555 949 posse
583 890 591 939 3
621 868 736 929 homini
766 889 837 930 vero
867 869 910 930 ita
938 888 973 928 ea
991 866 1044 927 est
1064 865 1221 941 jucunda,
1248 866 1313 927 uris

365 949 434 1010 vita
464 945 554 1010 etiam
577 948 723 1010 interdum
745 948 828 1009 illam
857 945 988 1030 praeserre
1018 966 1077 1007 non
1099 944 1240 1015 dubitet3
1271 944 1311 1008 hic

359 1044 461 1090 tamen
482 1043 580 1089 tantus
602 1029 666 1089 Rex
686 1073 695 1103 ,
715 1026 858 1110 quamdiu
872 1043 981 1108 eaptus
1002 1026 1034 1087 in
1050 1025 1187 1088 custodiis
1208 1025 1311 1101 mansit,

351 1108 399 1169 'fic
418 1106 500 1168 sortis
520 1104 601 1182 suit,
631 1123 663 1169 ut
685 1107 704 1168 sr
725 1108 822 1168 minus
842 1109 936 1182 luto,
965 1122 1041 1167 certe
1063 1125 1128 1165 earn
1159 1102 1275 1166 fortune
1291 1106 1310 1166 i·

358 1187 535 1267 niquitatem
566 1187 666 1249 animo
695 1188 849 1267 pertulerit
877 1185 1057 1268 aequiffimo.
1078 1188 1308 1325 Quamquamn·

359 1286 431 1327 num
461 1266 489 1327 id
510 1266 536 1326 ei
558 1266 614 1327 sem
637 1287 667 1327 er
694 1268 796 1328 aderat
814 1266 968 1340 solatium,
997 1264 1156 1326 meminisse
1200 1283 1308 1346 equam

354 1345 472 1408 vfortiter
491 1362 592 1428 captus
615 1287 731 1421 iuislet,
752 1367 842 1429 quam
865 1348 987 1408 minime
1009 1346 1142 1407 indecore
1164 1344 1307 1418 cecidisset,

357 1426 493 1508 quodque
522 1425 559 1487 ad
581 1427 609 1487 se
631 1428 815 1508 pertineret,
844 1426 871 1488 se
893 1425 1004 1488 nullam
1032 1425 1092 1496 ejus
1113 1423 1185 1485 fatti
1206 1424 1306 1504 culpan

354 1507 484 1588 praeslare
504 1504 634 1579 debere,
663 1508 716 1587 qui
737 1507 903 1588 &optimo
932 1504 1049 1567 confilio
1080 1506 1112 1565 in
1134 1523 1170 1564 eo
1192 1501 1268 1573 bello.
1282 1524 1307 1564 u·

357 1584 402 1647 sus
423 1585 542 1660 suisset,
571 1585 603 1645 in
625 1587 724 1665 prauo
754 1607 823 1648 vero
845 1584 1023 1659 fortissimi,
1052 1603 1087 1645 ac
1108 1583 1237 1645 maxime
1254 1582 1305 1643 she·

355 1665 410 1728 nui
433 1666 523 1748 Regis
554 1685 673 1747 operam
686 1667 843 1743 navasset.
875 1668 980 1746 Neque
1009 1664 1046 1725 ad
1075 1665 1204 1738 nostram
1224 1662 1305 1724 laudt·

353 1746 469 1805 tionem
491 1745 632 1825 pertinere
649 1765 710 1805 non
731 1743 882 1819 arbitror,
903 1744 923 1804 st
944 1764 1011 1806 cum
1040 1744 1085 1806 his
1115 1743 1211 1804 animi
1231 1744 1305 1804 virtu·

358 1823 435 1884 tibus
456 1823 588 1904 quaedam
609 1825 716 1898 etiam,
732 1844 796 1905 quae
811 1845 878 1886 curn
898 1824 1027 1904 corporis
1042 1821 1236 1886 honestiffimo
1253 1821 1305 1883 sunt

354 1901 452 1964 officio
473 1904 655 1978 conjuntla,
683 1904 762 1985 quast
784 1903 989 1966 contexuislem
1007 1905 1077 1974 ,in
1097 1904 1133 1963 iis
1146 1918 1250 1964 autem
1267 1920 1305 1962 rt·

356 1982 440 2044 natio
466 1984 593 2044 maxime
622 1983 867 2054 commendatur;
898 2003 991 2065 neque
1013 1983 1043 2045 id
1065 1981 1205 2060 iniuria.
1233 1979 1304 2042 Nihil

352 2082 480 2143 namque
507 2079 569 2124 tam
589 2063 715 2144 Regium
743 2065 783 2126 est
803 2108 813 2138 ,
834 2062 909 2124 nihil
931 2079 992 2126 tam
1016 2062 1224 2144 magnificum,
1243 2057 1303 2121 nihil

352 2142 444 2203 etiam
473 2159 535 2204 tam
555 2162 622 2205 curn
651 2143 738 2204 armis
758 2143 970 2218 coniuntium,
999 2163 1088 2226 quam
1113 2143 1175 2207 hnc
1194 2141 1232 2203 esl
1248 2137 1303 2200 sera

354 2241 422 2284 rum
447 2221 604 2285 fortiorum
627 2223 772 2304 agitatio.
803 2225 909 2298 Nam,
931 2244 966 2284 ne
988 2226 1051 2287 otio
1072 2220 1221 2302 Principes
1239 2217 1302 2282 effa
1336 2226 1340 2237 '

352 2302 533 2377 minentur,
557 2322 591 2363 ac
620 2303 741 2386 ignavia
772 2305 895 2384 turpiter
923 2303 1137 2385 languescant,
1168 2296 1300 2365 ununiid

353 2381 478 2443 studium
500 2384 634 2444 omnium
655 2382 694 2444 est
714 2382 908 2463 aptissimum.
937 2388 1009 2460 Qua
1030 2403 1100 2444 vero
1121 2401 1246 2463 pugna,
1266 2393 1300 2439 at·
1340 2454 1342 2461 Α

350 2480 407 2542 que
428 2462 579 2524 conflisius
600 2462 755 2542 expressior
775 2464 874 2543 imago
896 2463 966 2544 fingi
990 2463 1096 2544 potest,
1118 2478 1299 2543 quam-vena·
1338 2504 1343 2541 3

353 2541 397 2601 tio
419 2540 498 2679 ipsa?
520 2542 598 2602 Cum
620 2543 699 2604 hosle
728 2544 861 2604 cominus
880 2559 1053 2625 pugnatur·²
1073 2562 1139 2604 cum
1158 2540 1298 2605 bellutnt·
1340 2573 1343 2625 3

351 2636 408 2699 que
443 2640 518 2699 onge
539 2619 724 2681 decertatur:
746 2622 850 2683 acriori
875 2623 1001 2698 animo,
1022 2643 1054 2684 ac
1075 2619 1241 2683 fortioribus
1261 2617 1296 2680 vi·
1336 2672 1339 2677 .

352 2698 429 2758 ribus
446 2718 512 2760 curn
529 2699 609 2771 holle
625 2719 697 2778 opus
714 2699 753 2760 est
771 2722 779 2770 3
808 2722 874 2762 cum
893 2701 953 2764 sera
969 2724 1004 2765 ne
1026 2723 1061 2763 ue
1076 2701 1199 2769 timide;
1219 2715 1295 2788 neque
1336 2736 1341 2765 .=

352 2776 455 2851 lente,
476 2794 528 2838 aut
544 2779 651 2838 remisse
674 2777 818 2858 agendum
836 2784 874 2843 est
893 2800 902 2851 ;
922 2722 1112 2862 eertelaepius
1144 2780 1230 2842 hostis
1244 2797 1294 2840 vn·
1337 2778 1343 2875 j

350 2855 451 2930 citur,
471 2856 540 2918 dolo
563 2855 627 2917 serae
652 2857 682 2918 in
699 2858 837 2938 angustiis
858 2859 1141 2942 circumsepiuntur3
1170 2861 1293 2940 putrent
1337 2904 1342 2919 -.

350 2954 415 3017 quae
434 2937 529 2998 virtus
553 2936 584 2996 in
608 2937 687 3000 hoste
711 2936 868 3027 superando
892 2941 1019 3003 adhiberi
1042 2941 1138 3015 solet,
1160 2937 1293 3001 eademir
1337 2936 1342 2997 l

350 3013 448 3078 bellua
470 3013 661 3081 confodienda
684 3017 836 3080 reshslrme
859 3022 1035 3084 adhibetur.
1063 3021 1127 3082 Hac
1156 3040 1227 3081 vero·
1246 3015 1292 3096 agi·

350 3096 502 3157 tandarum
527 3096 652 3161 serarum
677 3097 789 3159 ratione
814 3100 877 3160 Rex
902 3101 1067 3164 Ftanciscus
1093 3102 1135 3161 ita
1156 3096 1292 3160 deletlabt·

351 3191 423 3251 tur,
446 3178 544 3259 itaque
562 3178 593 3238 in
610 3197 644 3238 ea
660 3192 738 3239 totus
756 3196 817 3239 erat
833 3224 842 3254 ,
859 3195 891 3240 ut
907 3182 1021 3242 nullum
1040 3197 1153 3260 tempus
1171 3178 1206 3240 ab
1222 3198 1250 3238 ea
1264 3173 1293 3235 se·
1333 3212 1335 3217 -

348 3254 460 3317 clusum
478 3256 607 3318 haberet.
629 3259 708 3319 Nam
730 3257 787 3318 five
803 3260 992 3322 ardentissimi
1007 3261 1082 3324 Solis
1099 3259 1167 3320 aestu
1191 3257 1292 3318 ectum

347 3335 561 3416 conflagraret,
583 3336 640 3398 five
657 3339 738 3398 nives
756 3337 897 3401 altissima
917 3361 1020 3422 agrum
1048 3360 1167 3402 ornnem
1184 3333 1292 3415 comple

345 3429 427 3486 rent,
457 3417 488 3477 in
510 3414 643 3478 venando
668 3417 807 3486 majorem
836 3420 893 3481 otii
915 3437 1028 3501 partem
1053 3419 1195 3500 ponebat.
1227 3410 1291 3476 lllud

346 3490 443 3582 addite
462 3515 471 3563 3
490 3515 557 3556 cum
578 3512 670 3556 artem
686 3496 770 3556 illam
789 3541 798 3572 ,
819 3519 908 3578 quam
926 3500 972 3560 hic
990 3500 1124 3559 omnium
1152 3497 1290 3580 hominum
1338 3546 1342 3603 4

346 3590 473 3632 maxime
496 3575 652 3649 exercuit,
672 3593 732 3639 tam
758 3598 857 3638 eorum
879 3578 967 3639 etiam
986 3579 1111 3658 ipsorum
1129 3578 1214 3642 illim
1230 3589 1291 3653 opu·
1339 3614 1342 3647 2

344 3669 395 3739 rne
409 3651 527 3714 calluit.
551 3656 654 3793 Neqlue
677 3654 835 3717 aedificandi
862 3657 937 3719 ratio
954 3655 990 3717 ab
1007 3659 1110 3738 Regiis
1136 3657 1291 3719 slitdiissre

340 3730 466 3801 jicienda
497 3733 562 3793 est.
629 3754 666 3795 aec
695 3755 821 3827 namque
850 3737 886 3796 ad
917 3737 1070 3798 hominum
1095 3737 1179 3799 usum
1209 3730 1289 3796 maxi·

343 3830 391 3873 me
406 3812 534 3894 pertinet
544 3823 559 3885 ‘3
581 3827 723 3875 tumeam
741 3832 831 3877 enam
856 3815 1040 3898 voluptatem
1061 3815 1181 3893 thober,
1201 3813 1293 3954 utlpoc

847 3920 851 3937 ·
1063 3923 1065 3927 ⁴
1194 3915 1249 3978 apu
