3000 4559
352 464 553 542 urrrnsro
574 452 748 540 oomni
771 477 882 540 curn.
903 478 1093 543 sarnum.
1134 488 1195 560 ,ος

265 556 338 623 sona
363 604 369 618 .
391 562 480 621 Nunc
498 559 569 641 quid
587 559 621 620 srt
636 559 692 619 srne
708 558 825 620 alterius
844 558 967 634 fraude,
989 561 1019 622 in
1035 560 1236 643 Lege'ridenl

261 640 336 705 dum
354 640 455 700 restat.
477 639 554 700 Cum
573 639 664 718 igitur
682 639 836 714 homines,
858 659 924 700 curn
941 641 1048 701 caeteris
1065 639 1172 717 rebus,
1193 660 1231 704 erc

265 719 388 781 nomine
406 719 578 800 pierumque
598 718 834 797 cognoscantur,
858 719 888 779 in
904 741 938 780 ea
954 735 1025 780 nota
1048 736 1230 783 commutan-

263 799 303 860 da
320 799 383 860 Lex
399 798 552 878 prudenter
568 797 671 873 cavit,
704 816 741 857 ne
759 799 787 859 id
806 799 935 874 scilicet,
967 801 997 859 in
1014 799 1132 861 alterius
1155 798 1232 859 frau-

264 879 332 940 dem
351 877 459 950 fieret,
481 878 536 938 hoc
551 876 616 952 est,
638 897 673 938 ne
689 878 755 960 quis
773 879 876 940 Sardus
893 879 1035 954 nomine,
1065 878 1116 962 qui
1139 877 1234 940 Bono-

264 959 321 1020 niae
344 973 396 1018 aut
417 954 527 1018 furtum
549 955 673 1033 fecisset,
694 974 745 1018 aut
762 959 931 1021 creditorem
949 958 1113 1035 fefellisset,
1132 974 1184 1020 aut
1204 978 1235 1017 a·

265 1038 350 1122 siquo
367 1036 426 1097 also
443 1036 528 1108 hujus
545 1037 658 1128 generis
677 1038 905 1120 modoaliquem
923 1037 1092 1114 fraudasset,
1115 1037 1235 1119 alioque

264 1116 498 1197 commigrasset,
521 1115 619 1200 ibique
648 1117 675 1178 se
704 1118 800 1198 postea
819 1120 924 1200 quovis
946 1120 1031 1194 aiio,
1053 1138 1143 1202 quam
1164 1116 1233 1191 suo,

262 1197 386 1261 nomine
415 1197 572 1279 appellaret
590 1242 599 1273 ,
620 1217 655 1258 ne
673 1197 810 1260 Bononia
833 1199 964 1260 rescitum
986 1200 1022 1261 iri
1037 1201 1152 1280 posset,
1182 1195 1234 1259 ubi

264 1277 401 1361 gentium
422 1277 594 1359 ageret,hic
613 1298 648 1339 ex
670 1280 748 1360 Lege
771 1280 802 1339 in
822 1277 953 1340 fraudem
975 1279 1093 1342 alterius
1109 1278 1160 1338 sibi
1182 1297 1235 1338 no-

265 1378 336 1419 men
359 1357 565 1434 commutasse,
587 1358 690 1420 rectius
712 1359 910 1431 accusaretur3
932 1379 991 1420 non
1012 1360 1063 1440 qui
1082 1378 1118 1419 ex
1135 1356 1236 1417 Maria

267 1438 427 1513 Marium,
458 1459 491 1498 ex
511 1439 645 1499 Antonio
663 1440 794 1500 Aonium
820 1439 971 1520 elegantiae
992 1439 1084 1501 caussa
1105 1434 1205 1498 fecerit
1226 1454 1236 1506 ;

268 1518 299 1579 δι
322 1532 356 1579 ur
372 1536 424 1577 nos
445 1538 479 1577 ex
498 1516 628 1592 Estensr,
648 1534 737 1600 atque
754 1520 844 1580 etiam
862 1519 995 1581 Atestino
1015 1563 1024 1594 ,
1045 1518 1076 1579 ἃ
1092 1515 1238 1580 Latinita-

267 1613 348 1672 tem,
371 1596 401 1656 &
417 1598 624 1677 proprietatem
647 1599 756 1674 securi,
777 1597 898 1660 fecimus
919 1598 1089 1660 Arestium.
1118 1598 1237 1676 ln²quo

268 1697 336 1738 meo
354 1677 471 1738 nomine
489 1678 700 1739 commutando
717 1695 831 1741 rantum
850 1679 951 1754 abest,
972 1695 1005 1741 ut
1022 1678 1083 1741 ulla
1099 1678 1238 1765 cuiquam

268 1755 348 1820 fraus
365 1755 436 1817 adsrt
454 1802 463 1831 ,
492 1774 525 1819 ut
542 1758 573 1818 in
589 1779 623 1820 eo
639 1759 754 1820 summa
769 1760 858 1820 etiarn
884 1759 997 1822 utilitas
1016 1803 1025 1834 ,
1056 1778 1088 1819 ac
1107 1757 1239 1838 dignitas

271 1836 376 1898 mustis
401 1854 571 1917 comparata
592 1838 649 1914 fit,
679 1840 776 1922 quise
800 1839 955 1902 abarbaro
973 1839 1118 1915 nomine,
1148 1850 1247 1918 atque·

270 1917 433 1998 improprio
450 1917 486 1978 ad
503 1919 663 1995 Latinum,
685 1940 719 1982 ac
736 1921 864 1982 maxime
872 1921 1126 2002 pmprium,novo
1144 1914 1240 1978 nomi·

268 2017 307 2060 ne
325 1997 492 2059 vendicatos
509 1999 563 2059 esse
580 1999 699 2061 vident.
720 1999 774 2061 Sed
792 2000 863 2084 quid
881 2003 937 2063 erit
955 2045 965 2074 ,
986 2000 1044 2060 Vir
1061 1995 1239 2067 douisume,

271 2092 360 2157 atque
376 2076 452 2149 Juris
470 2076 700 2152 consultissime,
730 2077 823 2159 srego
840 2079 892 2139 ista
921 2080 982 2159 ipsa
1011 2080 1089 2161 Lege
1112 2088 1171 2138 tua·
1184 2071 1241 2136 tibi

271 2157 343 2218 irem
362 2155 471 2237 probo,
483 2154 616 2230 Estense,
640 2156 693 2216 nisr
711 2157 743 2216 in
759 2154 890 2218 fraudem
907 2158 1024 2219 suorum
1036 2155 1241 2295 poderem,

270 2238 315 2298 ita
332 2238 459 2317 primum
478 2234 531 2294 esse
547 2233 678 2295 dissum?
700 2235 782 2310 Quid
800 2253 863 2298 turn
880 2244 967 2316 ages?
990 2236 1035 2295 Mi
1059 2235 1181 2315 sigitur
1197 2250 1249 2294 re·'

272 2314 412 2396 sponde,
441 2313 471 2374 δι
495 2312 593 2374 sedulo
616 2313 779 2394 responde.
810 2313 859 2377 Ita
879 2316 957 2375 enim
981 2329 1077 2375 tecum
1099 2324 1180 2398 ago.
1208 2307 1240 2372 Si

270 2398 341 2479 q'uis
359 2393 405 2454 vir
422 2391 603 2453 Christianus
623 2392 649 2454 se
664 2392 795 2465 Judaeum
814 2415 849 2455 ex
868 2393 1094 2467 consuetudine,
1114 2408 1179 2477 quae
1196 2388 1242 2451 illi

271 2473 384 2536 assidua
404 2491 471 2533 curn
497 2471 600 2544 Judaeis
623 2471 840 2548 intercederet,
870 2473 927 2534 dici
945 2473 1140 2564 permisisset,
1169 2487 1243 2532 num

272 2555 324 2614 hic
345 2551 433 2612 alicui
455 2552 487 2612 in
509 2553 558 2613 sua
578 2552 631 2614 isia
652 2552 848 2634 appellatione
868 2552 1043 2614 asiemffirna
1063 2550 1192 2615 fraudem
1201 2547 1245 2610 sa-

273 2630 371 2693 cerer?
392 2631 472 2722 Quid
491 2629 543 2723 ni?
564 2631 623 2694 Cui
642 2654 712 2694 vero
722 2632 739 2724 ⁸?
760 2632 892 2695 Primum
911 2633 1030 2775 sibiipsi
1048 2678 1058 2710 ,
1077 2632 1130 2725 qui
1151 2629 1194 2693 ita
1213 2628 1243 2690 se

272 2709 426 2855 adipem·
433 2727 633 2804 permitteret.
648 2715 807 2805 ⁸omittas,
828 2712 878 2775 srbi
896 2715 906 2774 i
928 2714 964 2805 [ιἶ
981 2794 987 2806 ι
1003 2730 1033 2777 ta
1049 2709 1244 2817 enimvellet.

309 2810 360 2852 um
378 2791 427 2852 ain
446 2790 595 2932 cuipiam?
616 2791 688 2864 Erus
707 2791 821 2869 iibens,
846 2793 876 2855 δι
907 2794 1012 2856 amrlrae
1028 2793 1161 2877 reliquo.
1181 2790 1246 2852 Cur

275 2886 376 2934 aurem
392 2871 448 2932 hoc
472 2892 489 2932 a
523 2871 667 2934 familiam
687 2872 697 2934 ἒ
720 2874 801 2950 Quia
815 2875 845 2936 id
865 2875 1051 2957 cognominis
1067 2894 1135 2937 cum
1153 2869 1244 2962 poste·

274 2953 316 3015 ris
336 2951 426 3013 etiam
450 2953 661 3014 communicari
684 2954 788 3034 posset.
812 2954 914 3016 Itane
933 2953 1022 3018 vero?
1043 2953 1106 3015 Ita.
1129 2948 1244 3031 Siquis

274 3032 369 3114 igitur
394 3029 421 3091 se
438 3030 559 3092 barbaro
586 3032 708 3092 nomine
724 3033 826 3094 volens
845 3079 854 3108 ,
887 3056 920 3096 ac
937 3034 1039 3095 lubens
1053 3031 1215 3113 appellaret
1235 3069 1246 3101 ,

274 3112 404 3176 rectene
421 3109 542 3186 faceret,
564 3127 708 3192 quantum
727 3111 764 3172 ad
782 3112 908 3193 posteros
927 3112 938 3172 ?
959 3111 1039 3187 Quid
1061 3126 1137 3173 taces
1154 3096 1166 3168 i
1188 3107 1249 3167 Re-

276 3190 401 3273 sponde.
422 3189 477 3252 Sed
494 3189 520 3251 se
539 3190 651 3252 vidium
669 3190 719 3251 iste
736 3190 820 3252 senfir
839 3236 848 3265 ,
869 3189 997 3253 Praesessi
1021 3191 1114 3261 Viri,
1142 3187 1189 3249 Ita
1211 3204 1247 3246 ue

276 3282 355 3334 tacet
376 3314 384 3330 .
413 3269 480 3352 Ego
497 3286 595 3333 tamen
615 3270 788 3332 concludam
807 3291 814 3330 τ
835 3270 886 3353 qui
905 3271 993 3353 primi
1011 3269 1096 3341 hujus
1112 3206 1246 3330 fandria

277 3350 404 3413 barbaro
422 3351 449 3412 se
470 3351 655 3431 appellarunt
672 3351 809 3425 nomine,
831 3353 971 3434 quoniam
995 3351 1025 3413 in
1047 3347 1179 3419 fraudem
1197 3366 1249 3428 po·

277 3431 419 3492 sterorum
435 3428 545 3491 facium
563 3431 709 3506 videture
720 3446 769 3494 eos
787 3432 911 3494 minime
931 3432 1007 3493 reste
1021 3429 1123 3493 secisse·
1136 3432 1252 3510 asguot·

302 3511 422 3572 uivero
438 3510 557 3591 posteris
575 3531 677 3573 eorum
695 3531 821 3573 errorem
838 3512 980 3595 corrigere
997 3508 1120 3585 volunt,
1142 3508 1191 3571 'ebs
1203 3525 1247 3568 re-

278 3530 404 3651 dissrmc
421 3586 514 3653 secere
531 3610 580 3670 per
597 3592 706 3671 Legem
725 3589 865 3672 probatur
883 3637 890 3651 .
919 3593 973 3661 Sed
991 3611 1083 3676 neque
1099 3587 1247 3675 Principes

282 3671 315 3731 in
335 3668 467 3730 Famisiae
483 3669 537 3730 suae
553 3671 750 3750 appellatione
767 3670 886 3732 barbara
906 3672 1063 3755 quicquam
1085 3669 1252 3749 suntaccus

282 3748 386 3824 sandi,
407 3748 457 3829 qui
478 3750 570 3828 magis
588 3752 693 3842 armis,
716 3771 805 3835 quarn
824 3752 935 3827 literis,
953 3752 1136 3824 studuerunt,
1159 3762 1248 3826 atquc

283 3846 322 3891 oa
336 3846 456 3913 parare,
477 3847 541 3912 quae
559 3848 705 3897 memonae
726 3831 834 3896 ceteris
857 3832 912 3895 suis
932 3831 1060 3916 scriptis,
1080 3822 1248 3968 ςωᾞὲρῦῡ

1174 3923 1211 3967 re·
