3000 4559
531 448 930 523 '·!Pl'5TOLA.
1029 444 1035 452 ⁵
1131 478 1188 543 159

256 555 290 608 ro
314 537 352 604 ad
374 539 569 604 Lansrancum
591 543 720 617 attinet,
742 541 852 617 miror,
874 543 927 624 qui
948 539 979 602 in
1000 541 1055 603 suis
1076 541 1188 625 scriptis
1209 530 1219 619 ,¹

257 636 322 708 qua
346 622 433 683 modo
454 621 616 684 dortiffima
638 622 668 682 in
691 621 814 710 vulgum
836 622 954 761 edidqt,
974 641 1035 760 pon
1056 621 1108 683 isto
1128 621 1223 715 restro

256 701 806 874 errarint-iturust
821 702 952 872 'rur
968 718 1113 872 stetu·
1126 703 1223 872 arr

258 881 308 938 ru,
328 862 361 924 at
377 859 599 922 innumerabiles
620 860 727 1000 ubique
746 877 881 941 gentium
901 872 988 923 voces
1009 861 1072 923 alrae
1093 859 1129 921 ad
1140 861 1223 923 istam

258 943 404 1004 rationem
428 957 508 1003 tuarn
530 942 652 1002 minime
684 935 777 1000 asta?
798 941 869 1013 Non
891 940 967 1002 teile
989 938 1103 1002 Latina
1123 939 1225 1013 failae3

258 1040 330 1163 quas
352 1020 371 1080 sr
392 1023 458 1102 quis
479 1020 626 1082 restituere
647 1018 774 1093 studeat,
794 1040 843 1082 eas
865 1021 1041 1097 Guarinias,
1063 1020 1224 1097 Trodiias,

287 1099 405 1163 reostias
423 1142 431 1175 ,
452 1101 602 1175 Mustiae,
631 1101 801 1174 Sacranae,
823 1099 1001 1176 Tassortias,
1023 1105 1094 1164 item
1116 1102 1147 1161 in
1169 1118 1224 1161 cae-

258 1182 327 1243 tetis
347 1177 414 1241 aliis
434 1178 597 1242 iaciendum
620 1180 757 1242 curabit.
784 1180 867 1262 -Ergo
890 1181 1054 1257 Pontanus,
1077 1178 1221 1256 Bembus,

259 1257 410 1322 Sadoletus
428 1304 437 1336 ,
457 1259 602 1322 Corradus
622 1306 631 1337 ‚
652 1259 793 1322 Barbarus
816 1261 848 1321 in
868 1260 924 1322 suis
945 1258 1080 1322 Familiis
1103 1260 1223 1322 scriben-

260 1341 304 1403 dis
336 1339 485 1401 barbari?
520 1340 607 1412 Certe
630 1343 661 1402 in
689 1360 723 1402 ea
752 1354 825 1402 soce
852 1359 911 1402 non
933 1356 997 1402 tarn
1032 1340 1133 1402 Latini
1162 1338 1223 1400 sue·

259 1434 344 1496 runt,
388 1438 454 1481 uam
471 1421 678 1493 Sannazarius,
700 1413 881 1502 Longolius,
903 1419 1109 1503 Navagerius,
1129 1420 1224 1481 Dane-

260 1500 340 1575 fius,
362 1441 542 1577 Rlcyorlius,
564 1500 783 1575 Fracastorius‚
807 1499 987 1575 Manutius,
1009 1500 1220 1580 Majoragius,

260 1578 424 1655 Bocchius,
455 1579 611 1642 Bonsadius
631 1626 640 1656 ,
662 1580 826 1653 Nizolius,
849 1578 1002 1642 Perioniue
1019 1624 1029 1655 ,
1049 1579 1194 1642 Palearius
1215 1621 1224 1637 .

260 1663 304 1720 Ac
320 1678 357 1720 ne
379 1674 407 1720 te
427 1659 537 1722 diutius
559 1670 698 1735 tensam,
719 1660 879 1740 Princeps,
910 1677 999 1744 atque
1019 1658 1091 1722 adeo
1112 1659 1143 1719 in
1165 1659 1223 1720 tuis

259 1756 319 1800 una
338 1734 399 1820 [ut
414 1740 525 1818 ajunt]
547 1740 634 1822 plaga
654 1756 715 1802 rent
739 1756 833 1801 totam
855 1738 1003 1802 absolvam
1027 1786 1037 1817 ,
1057 1739 1159 1821 paucis,
1172 1740 1228 1799 au·'

257 1817 311 1879 di.
342 1819 374 1879 Si
394 1818 507 1901 Hippoi
532 1836 577 1882 tus
605 1820 692 1881 frater
713 1837 779 1881 tuus
810 1819 976 1881 Cardinalis
998 1818 1146 1882 Atestinus
1176 1819 1220 1879 in·

256 1897 420 1973 scribatur,
448 1833 529 1982 quid
542 1901 599 1962 lraec
621 1899 772 1980 inscriptio
792 1899 872 1962 aliud
905 1899 1103 1991 significabit,
1131 1916 1223 1982 quam

257 1996 329 2039 curn
351 1979 455 2040 Atellis
478 1981 590 2062 Oppidi
611 1981 782 2061 primarium
804 1978 857 2040 esse
870 1980 1057 2058 Antistium,
1078 1999 1167 2062 quern
1185 1979 1226 2039 E·

256 2057 408 2138 piscopum
428 2055 562 2121 vocant?
583 2058 672 2120 Sicuti
694 2061 783 2120 etiam
802 2059 951 2120 Pisanium
974 2058 1172 2134 Patavinum,
1193 2059 1224 2119 δι

254 2152 357 2203 meum
378 2139 550 2200 Cornelium
570 2137 757 2199 Tarvisutum
778 2137 960 2218 designatum
981 2139 1104 2200 dicimus
1125 2183 1133 2198 .
1152 2137 1225 2197 Cer·

254 2228 287 2279 te
309 2215 413 2280 Frater
435 2234 502 2280 tuus
523 2217 710 2292 multorum,
729 2235 889 2296 eorumque
909 2214 1153 2277 nobilissimorum
1173 2217 1222 2275 Sa·

256 2294 459 2358 cerdotiorum
486 2295 655 2358 nominibus
671 2306 707 2376 ap
728 2294 848 2355 ellatur.
870 2294 1007 2355 Estenim
1024 2293 1232 2360 Mediolanenz

255 2375 311 2451 fis,
333 2368 550 2456 Lugdunensis,
571 2372 729 2434 Heduenrs
746 2373 902 2454 primarius
926 2373 1078 2435 Antisses.
1100 2375 1131 2437 Si
1149 2375 1223 2434 item

255 2454 365 2517 Ateste
385 2454 536 2593 Oppidum
556 2453 693 2529 accedat,
710 2474 770 2536 quo
787 2453 908 2514 nomine
916 2449 992 2528 alio,
1012 2469 1102 2535 quatn
1120 2453 1225 2514 Atesti-

252 2547 318 2607 no‚
342 2551 413 2614 appe
426 2533 528 2596 landus
549 2534 607 2609 sit,
630 2550 661 2595 ut
678 2555 725 2595 me
741 2533 786 2593 isti
803 2533 943 2607 doceant,
961 2534 1100 2614 expedio.
1129 2533 1225 2615 Atqui

257 2612 413 2675 Atestinus
436 2634 473 2695 ap
494 2613 650 2688 ellabitur,
679 2614 710 2674 ἃ
735 2614 812 2674 resie
836 2614 980 2695 quidem.
1010 2615 1090 2689 Quid
1116 2614 1222 2676 verosi

258 2686 276 2773 [
307 2634 535 2756 uemadmodum
555 2694 608 2776 fit]
629 2692 762 2755 Familiae
770 2713 878 2754 nomen
898 2693 1000 2755 addere
1020 2692 1113 2756 velit?
1134 2694 1224 2775 quiid

310 2773 366 2833 ciet
383 2771 394 2830 i
417 2776 500 2837 Num
521 2773 637 2837 sortasse
656 2773 698 2835 bis
716 2773 882 2835 Atestinum
899 2771 1016 2854 ponet?
1037 2773 1092 2836 hoc
1114 2773 1221 2850 modo,

251 2844 443 2938 Hippolytus
472 2854 645 2927 Atestinus,
673 2853 821 2916 Atestinus
843 2853 1001 2936 Episcopus
1032 2851 1222 2934 [nonenim

252 2926 308 2993 hic
329 2927 375 2989 rsti
403 2931 431 2990 se
451 2934 592 3022 corrigere
614 2934 754 3012 possunt,
781 2934 1030 3014 quemadmodum
1061 2935 1113 3014 ipsr
1134 2935 1222 3014 paulo

253 3026 330 3072 ante
350 3005 505 3071 feceramus
525 3030 557 3070 rn
572 3030 646 3072 voce
663 3012 757 3072 altera
776 3013 894 3100 paulum
914 3013 1150 3084 commutanda,
1170 3028 1223 3072 aut

252 3092 350 3153 etiam
372 3089 463 3169 patris
491 3089 611 3150 nornine
639 3087 845 3168 superaddito:
875 3111 934 3150 vox
960 3092 1039 3152 enim
1057 3111 1091 3151 ea
1112 3090 1223 3169 semper

254 3171 315 3232 erit
336 3167 491 3259 utrobique
512 3167 643 3230 Atestina
696 3167 792 3249 quid,
813 3169 953 3249 inquam,
977 3185 1042 3230 tum
1063 3168 1189 3231 efficient
1209 3167 1221 3229 i

256 3249 345 3312 Num
363 3250 405 3310 ita
420 3246 534 3323 dicent,
558 3247 660 3327 Hippo
673 3263 740 3327 ytus
757 3246 926 3323 Atestinus,
947 3248 1095 3310 Atestinus
1105 3249 1223 3330 Episco-

257 3326 333 3419 pus?
355 3327 432 3404 Hui,
457 3326 572 3389 dicendi
596 3346 687 3406 genus
707 3326 835 3387 maxime
856 3328 1015 3407 ineptum.
1048 3328 1103 3390 Sed
1128 3330 1222 3392 multa

258 3408 315 3489 rpsr
330 3408 367 3469 ad
384 3408 460 3469 hunc
477 3408 598 3468 modum
615 3403 754 3467 faciamus
773 3405 863 3467 licet.
883 3408 928 3468 Sit
946 3407 1112 3470 Franciscus
1130 3431 1164 3471 ex
1181 3409 1221 3472 sa·

256 3487 347 3550 milia
374 3487 486 3549 Pisania
507 3487 625 3549 Pisanus
649 3483 833 3567 Episcopus3
869 3485 903 3548 s1t
927 3487 1071 3550 Camillus
1095 3509 1130 3551 ex
1148 3491 1222 3552 Vin·

258 3568 358 3629 centia
372 3566 584 3641 VincentinuS,
604 3565 697 3627 Caesar
715 3586 750 3627 ex
769 3564 897 3636 Pisauria
913 3566 1109 3644 Pisauriensrs,
1128 3572 1221 3633 Auto-

258 3647 328 3708 nius
361 3667 395 3707 ex
417 3646 551 3708 Tarvisra
573 3644 766 3721 Tarvilinus,
797 3643 995 3727 Hieronymus
1024 3669 1057 3708 ex
1089 3651 1221 3711 Ferraria

260 3726 472 3788 Ferrariensrs.
500 3727 529 3786 Si
560 3727 613 3785 hos
636 3726 678 3786 ita
705 3747 722 3786 a
744 3725 915 3805 pellabimus
943 3725 1220 3810 [quemadmodum

257 3823 315 3869 uos
340 3805 429 3873 vultis
452 3796 663 3886 JFranciscum
679 3745 842 3883 Piidnutn,
864 3806 999 3872 Pisanum
1015 3806 1190 3944 Episcoppnr
1212 3826 1221 3873 3

1156 3905 1184 3943 ιι-
