3000 4559
344 469 548 539 DEFFNUO
570 476 744 538 CONTRA
766 477 876 538 GASP.
898 477 1086 542 SARDUM.
1128 495 1182 562 173
1221 474 1226 480 ⁸

271 555 408 618 rudenter
422 556 543 628 docere,
563 560 655 618 amice
671 576 883 632 commonere,
907 577 974 619 cum
993 559 1104 621 summa
1122 563 1222 624 mode·

279 638 308 698 ‘a
326 636 405 697 suam
431 637 600 698 sententiam
627 636 720 696 dicere
746 636 869 717 maligni
896 637 1024 699 hominis
1044 638 1097 700 esse
1112 641 1219 710 judica·

256 733 317 790 tur,
336 737 391 796 ego
409 716 473 777 sane
492 715 713 796 malignissimus
730 716 864 777 omnium
880 716 960 792 sum,
974 719 1026 799 qui
1043 718 1220 782 haecomnia

256 795 370 857 summa
386 796 432 874 egi
449 816 515 856 cum
532 795 693 856 modestia.
719 798 761 856 At
778 815 832 874 ego
848 839 857 870 ,
873 797 923 887 qui
942 797 976 858 sit
993 797 1157 877 malignus,
1178 819 1222 860 re·

259 875 332 940 dius
351 873 406 935 tibi
425 895 584 954 exponam.
607 874 636 935 Is
653 890 751 936 autem
767 875 823 948 esi,
843 896 894 965 qut
919 875 999 938 suam
1018 877 1177 939 mercedem
1194 897 1223 937 e·

260 957 340 1036 genis
359 955 454 1034 operis
474 976 531 1014 non
550 955 659 1028 reddit,
677 954 751 1014 clam
768 956 804 1016 de
819 955 879 1017 aito
894 955 1037 1032 detrahit,
1056 957 1147 1018 bonos
1163 976 1223 1017 non

260 1035 361 1106 audit,
383 1032 579 1094 Christianum
597 1030 732 1108 fratrem,
759 1051 791 1096 ut
806 1034 957 1111 dicimus,
981 1038 1144 1098 contemnit
1162 1081 1171 1109 ,
1187 1055 1224 1096 ex

261 1113 311 1174 sua
327 1114 408 1173 mala
425 1115 484 1184 ejus
502 1114 608 1174 bonam
626 1130 753 1175 mentem
770 1115 994 1204 interpretatur,
1024 1117 1101 1178 asam
1119 1115 1226 1177 menti·

260 1209 323 1268 tur,
344 1193 405 1265 ius,
424 1212 597 1334 apuumque
613 1209 780 1274 oppugnat,
797 1215 925 1266 amicum
939 1217 974 1278 pr
1013 1198 1051 1258 it.
1068 1197 1126 1258 Sed
1140 1211 1224 1258 tuam
1299 1241 1311 1258 .

262 1273 433 1336 sententiam
469 1293 574 1360 equor.
595 1275 649 1334 Ais
665 1274 766 1336 enirn:

298 1435 336 1492 Et
356 1432 469 1494 dentum
488 1434 564 1493 vires
583 1433 683 1512 nojirar
702 1433 843 1494 exalienis
862 1432 1001 1502 laboribus
1010 1432 1051 1508 fic
1067 1435 1238 1517 expendere,

264 1531 294 1574 at
313 1536 348 1573 ex
368 1514 462 1592 nostris
484 1514 594 1576 alienas
613 1515 790 1592 aestimemus.
1127 1532 1130 1539 ’

300 1672 351 1733 Dii
375 1671 467 1734 boni!
494 1673 605 1735 adeste.
622 1673 727 1735 Nodus
743 1673 828 1734 estin
845 1673 959 1749 sabula,
980 1674 1012 1737 δι
1035 1673 1127 1736 nodus
1144 1670 1229 1735 vobis

265 1751 400 1814 omnibus
417 1753 539 1833 dignus..
555 1752 621 1816 Εσο
638 1774 732 1836 neque
749 1754 874 1833 (Edipus
897 1754 958 1817 sum
979 1799 988 1830 ,
1008 1775 1104 1836 neque
1125 1753 1234 1836 Sphin-

268 1831 524 1916 gemhabe0,quae
541 1803 614 1894 milii
631 1835 946 1913 locumapetiat.Sane
961 1834 1230 1916 quidsitexpendere

263 1912 390 1991 aliquid,
413 1913 583 1992 jampridem
601 1914 688 1975 didici
710 1934 719 1985 3
750 1913 822 1994 quid
838 1935 908 1976 vero
924 1915 959 1976 srt
983 1936 1016 1974 ex
1038 1912 1181 1975 laboribus
1199 1933 1232 1970 a·

263 1991 346 2051 Iunis
365 1993 439 2050 vires
458 1994 558 2068 nostras
578 1995 725 2073 expendere
739 2037 749 2068 ,
764 1992 856 2053 sateor
872 2015 919 2056 me
935 1995 1068 2074 ignorare
1085 2039 1093 2052 .
1108 1993 1234 2056 Divina·

266 2069 304 2132 bo
322 2086 443 2131 tamen.
464 2071 622 2145 Arbitror,
647 2072 733 2132 istum
758 2071 807 2131 sua
832 2072 974 2134 sententia
996 2093 1098 2134 omnes
1114 2090 1235 2134 monete

267 2150 409 2224 voluisse,
428 2165 459 2210 ut
481 2148 530 2212 sua
550 2151 642 2211 studia
663 2171 699 2212 ex
715 2149 840 2210 aliorum
858 2151 955 2211 studiis
971 2171 1006 2211 ex
1044 2151 1153 2225 radant,
1174 2168 1237 2210 non

266 2246 368 2292 autem
385 2251 424 2289 eu
437 2228 494 2289 suis
520 2228 631 2290 aliena.
654 2226 689 2288 ld
710 2227 730 2286 sr
753 2229 796 2288 ita
816 2230 880 2302 est,
902 2246 933 2290 ut
954 2249 1006 2308 pro
1048 2272 1058 2302 ,
1079 2245 1168 2309 atque
1190 2247 1240 2288 ex-

265 2311 377 2455 pgcate
393 2309 524 2383 dixerit,
551 2307 610 2387 ipse
622 2327 689 2368 curn
716 2304 773 2364 suis
797 2306 923 2378 viderit,
939 2326 995 2445 ppo
1015 2327 1086 2368 vero
1126 2306 1239 2367 rovide·

280 2462 283 2467 ῃ
318 2432 328 2462 ,
351 2402 385 2447 ut
407 2385 492 2447 istum
515 2385 622 2468 ubique
644 2381 839 2445 stultissimum
856 2385 943 2447 esseo
967 2385 1089 2447 endam.
1141 2385 1170 2446 bi
1187 2405 1238 2446 ve-

262 2489 322 2539 ro,
344 2465 533 2540 silicernium,
555 2466 587 2526 in
608 2480 671 2526 tota
691 2483 757 2524 mea
777 2463 906 2604 Epistola
929 2486 976 2526 me
996 2463 1091 2526 efferri
1114 2464 1239 2526 sensisti?

264 2546 332 2609 Ubi
354 2564 426 2624 ego,
447 2545 592 2626 inquam,
622 2563 762 2625 umquam
781 2543 877 2605 aiena
896 2546 987 2608 studia
1011 2565 1067 2626 prae
1090 2545 1161 2608 meis
1183 2545 1240 2607 stu·

271 2628 333 2688 diis
359 2625 435 2684 nibil
456 2623 535 2686 feci?
557 2623 614 2686 Ubi
636 2645 684 2686 me
706 2625 843 2705 cuiquam
864 2626 978 2705 praeruli
996 2624 1008 2688 i
1029 2625 1099 2706 quid
1121 2625 1153 2686 in
1173 2644 1241 2686 mea

274 2705 329 2768 illa
350 2700 481 2784 Epistola
500 2704 624 2766 insolens
645 2701 721 2765 suit?
741 2703 881 2796 nifiquod
904 2707 967 2780 tui,
988 2726 1056 2768 cum
1074 2705 1238 2768 Historiam

271 2784 406 2847 scriberes
427 2784 607 2859 Atestinam,
632 2784 744 2846 nullam
767 2781 821 2846 secr
842 2785 1023 2848 mentionem
1041 2785 1052 2845 ἓ
1072 2786 1179 2847 fateor
1195 2804 1239 2847 er·

272 2865 342 2926 rasse
364 2883 437 2938 me,
486 2869 517 2926 ui
546 2864 699 2946 dignitatis
730 2879 787 2926 tuat
810 2866 953 2927 rationem
969 2866 1084 2928 nullam
1113 2866 1145 2926 in
1165 2863 1239 2925 meis

272 2944 386 3024 scriptis
409 2943 478 3004 adhi
500 2945 607 3004 uetinr.
628 2943 683 3004 Sed
705 2945 805 3018 nolui,
825 2944 925 3016 Sardi,
947 2944 1167 3008 sordidissimum
1190 2944 1243 3002 ho-

274 3024 386 3086 minem
417 3024 449 3082 in
469 3043 533 3082 mea
554 3024 659 3102 scripta
681 3023 805 3096 venite,
834 3043 869 3084 ne
893 3039 937 3086 tot
958 3022 1165 3086 honestissimas
1185 3021 1242 3081 Fa·

275 3102 376 3165 milias
400 3122 474 3164 unus
495 3102 570 3162 mihi
591 3101 701 3162 sordide
721 3102 951 3165 contaminares.

279 3306 282 3311 ·
315 3262 416 3340 Censeo
439 3262 550 3343 itaque,
572 3283 674 3322 novam
693 3255 765 3320 bana
785 3260 934 3341 opinionon
955 3259 1188 3333 examinandam,
1207 3257 1248 3322 (J

276 3340 380 3423 absque
401 3341 545 3402 verborum
560 3343 650 3420 fuco,
670 3341 923 3419 sententiarumque
938 3339 1071 3400 lenocinio
1098 3339 1246 3417 discutiar·

277 3424 366 3498 dam,
387 3444 448 3484 curn
468 3422 572 3483 veritas
591 3423 691 3486 exotico
711 3441 764 3481 non
783 3421 907 3505 indigeat
928 3436 1097 3480 ornamento.

320 3583 391 3656 Tu,
408 3581 504 3644 lutum
525 3583 686 3656 orationis,
706 3581 881 3723 elepantiam
895 3581 994 3658 fucum
1015 3601 1051 3709 ap
1088 3583 1161 3648 llas?
1177 3582 1247 3656 Tu,

281 3660 383 3736 fitne,
405 3663 543 3723 Latinam
566 3664 730 3725 orationem
764 3662 915 3724 eaacinium
934 3681 1032 3724 vocas.
1088 3686 1126 3741 u,
1149 3661 1249 3727 barba·

286 3762 334 3816 re,
355 3740 453 3814 culte,
473 3759 560 3824 atque
582 3758 683 3805 ornate
703 3744 812 3816 dicere,
845 3759 938 3816 ucaee,
959 3742 990 3804 ἃ
1005 3744 1186 3806 lenocinanter
1205 3740 1249 3797 di·

288 3839 351 3888 cete
371 3819 512 3890 accusas?
533 3821 588 3888 Sed
606 3823 677 3905 quid
697 3823 829 3887 mirum.
853 3821 898 3900 fi,
916 3842 969 3907 qut
991 3823 1023 3890 iu
1043 3823 1251 3980 militii-
